@Manual{,
  title = {{pacman}: {P}ackage Management for {R}},
  author = {Tyler W. Rinker and Dason Kurkiewicz},
  address = {Buffalo, New York},
  note = {version 0.5.0},
  year = {2018},
  url = {http://github.com/trinker/pacman},
}
@Manual{,
  title = {R: A Language and Environment for Statistical Computing},
  author = {{R Core Team}},
  organization = {R Foundation for Statistical Computing},
  address = {Vienna, Austria},
  year = {2019},
  url = {https://www.R-project.org/},
}
@Manual{,
  title = {devtools: Tools to Make Developing R Packages Easier},
  author = {Hadley Wickham and Jim Hester and Winston Chang},
  year = {2019},
  note = {R package version 2.2.1},
  url = {https://CRAN.R-project.org/package=devtools},
}
@Manual{,
  title = {RCurl: General Network (HTTP/FTP/...) Client Interface for R},
  author = {Duncan Temple Lang and the CRAN team},
  year = {2019},
  note = {R package version 1.95-4.12},
  url = {https://CRAN.R-project.org/package=RCurl},
}
@Manual{,
  title = {stringr: Simple, Consistent Wrappers for Common String Operations},
  author = {Hadley Wickham},
  year = {2019},
  note = {R package version 1.4.0},
  url = {https://CRAN.R-project.org/package=stringr},
}
@Manual{,
  title = {R.utils: Various Programming Utilities},
  author = {Henrik Bengtsson},
  year = {2019},
  note = {R package version 2.9.0},
  url = {https://CRAN.R-project.org/package=R.utils},
}
@Manual{,
  title = {udunits2: Udunits-2 Bindings for R},
  author = {James Hiebert},
  year = {2016},
  note = {R package version 0.13},
  url = {https://CRAN.R-project.org/package=udunits2},
}
@Manual{,
  title = {rvest: Easily Harvest (Scrape) Web Pages},
  author = {Hadley Wickham},
  year = {2019},
  note = {R package version 0.3.4},
  url = {https://CRAN.R-project.org/package=rvest},
}
@Manual{,
  title = {httr: Tools for Working with URLs and HTTP},
  author = {Hadley Wickham},
  year = {2019},
  note = {R package version 1.4.1},
  url = {https://CRAN.R-project.org/package=httr},
}
@Article{,
  title = {The jsonlite Package: A Practical and Consistent Mapping Between JSON Data and R Objects},
  author = {Jeroen Ooms},
  journal = {arXiv:1403.2805 [stat.CO]},
  year = {2014},
  url = {https://arxiv.org/abs/1403.2805},
}
@Manual{,
  title = {readxl: Read Excel Files},
  author = {Hadley Wickham and Jennifer Bryan},
  year = {2019},
  note = {R package version 1.3.1},
  url = {https://CRAN.R-project.org/package=readxl},
}
@Manual{,
  title = {openxlsx: Read, Write and Edit XLSX Files},
  author = {Alexander Walker},
  year = {2019},
  note = {R package version 4.1.0.1},
  url = {https://CRAN.R-project.org/package=openxlsx},
}
@Manual{,
  title = {purrr: Functional Programming Tools},
  author = {Lionel Henry and Hadley Wickham},
  year = {2019},
  note = {R package version 0.3.2},
  url = {https://CRAN.R-project.org/package=purrr},
}
@Manual{,
  title = {data.table: Extension of `data.frame`},
  author = {Matt Dowle and Arun Srinivasan},
  year = {2019},
  note = {R package version 1.12.4},
  url = {https://CRAN.R-project.org/package=data.table},
}
@Manual{,
  title = {RPostgreSQL: R Interface to the 'PostgreSQL' Database System},
  author = {Joe Conway and Dirk Eddelbuettel and Tomoaki Nishiyama and Sameer Kumar Prayaga and Neil Tiffin},
  year = {2017},
  note = {R package version 0.6-2},
  url = {https://CRAN.R-project.org/package=RPostgreSQL},
}
@Manual{,
  title = {DBI: R Database Interface},
  author = {{R Special Interest Group on Databases (R-SIG-DB)} and Hadley Wickham and Kirill Müller},
  year = {2018},
  note = {R package version 1.0.0},
  url = {https://CRAN.R-project.org/package=DBI},
}
@Manual{,
  title = {vegan: Community Ecology Package},
  author = {Jari Oksanen and F. Guillaume Blanchet and Michael Friendly and Roeland Kindt and Pierre Legendre and Dan McGlinn and Peter R. Minchin and R. B. O'Hara and Gavin L. Simpson and Peter Solymos and M. Henry H. Stevens and Eduard Szoecs and Helene Wagner},
  year = {2019},
  note = {R package version 2.5-5},
  url = {https://CRAN.R-project.org/package=vegan},
}
@Article{,
  title = {The Split-Apply-Combine Strategy for Data Analysis},
  author = {Hadley Wickham},
  journal = {Journal of Statistical Software},
  year = {2011},
  volume = {40},
  number = {1},
  pages = {1--29},
  url = {http://www.jstatsoft.org/v40/i01/},
}
@Manual{,
  title = {outliers: Tests for outliers},
  author = {Lukasz Komsta},
  year = {2011},
  note = {R package version 0.14},
  url = {https://CRAN.R-project.org/package=outliers},
}
@Manual{,
  title = {feather: R Bindings to the Feather 'API'},
  author = {Hadley Wickham},
  year = {2019},
  note = {R package version 0.3.3},
  url = {https://CRAN.R-project.org/package=feather},
}
@Book{,
  author = {Hadley Wickham},
  title = {ggplot2: Elegant Graphics for Data Analysis},
  publisher = {Springer-Verlag New York},
  year = {2016},
  isbn = {978-3-319-24277-4},
  url = {https://ggplot2.tidyverse.org},
}
@Manual{,
  title = {ggrepel: Automatically Position Non-Overlapping Text Labels with
'ggplot2'},
  author = {Kamil Slowikowski},
  year = {2019},
  note = {R package version 0.8.1},
  url = {https://CRAN.R-project.org/package=ggrepel},
}
@Manual{,
  title = {cowplot: Streamlined Plot Theme and Plot Annotations for 'ggplot2'},
  author = {Claus O. Wilke},
  year = {2019},
  note = {R package version 0.9.4},
  url = {https://CRAN.R-project.org/package=cowplot},
}
@Manual{,
  title = {RColorBrewer: ColorBrewer Palettes},
  author = {Erich Neuwirth},
  year = {2014},
  note = {R package version 1.1-2},
  url = {https://CRAN.R-project.org/package=RColorBrewer},
}
@Manual{,
  title = {treemap: Treemap Visualization},
  author = {Martijn Tennekes},
  year = {2017},
  note = {R package version 2.4-2},
  url = {https://CRAN.R-project.org/package=treemap},
}
@Manual{,
  title = {rgbif: Interface to the Global Biodiversity Information Facility API},
  author = {Scott Chamberlain and Vijay Barve and Dan Mcglinn and Damiano Oldoni and Peter Desmet and Laurens Geffert and Karthik Ram},
  year = {2019},
  note = {R package version 1.3.0},
  url = {https://CRAN.R-project.org/package=rgbif},
}

@Article{,
  title = {R Python, and Ruby clients for GBIF species occurrence data},
  author = {Scott Chamberlain and Carl Boettiger},
  journal = {PeerJ PrePrints},
  year = {2017},
  publisher = {PeerJ, Inc.},
  url = {https://doi.org/10.7287/peerj.preprints.3304v1},
}
@Article{,
  title = {taxize - taxonomic search and retrieval in R},
  journal = {F1000Research},
  author = {{Scott Chamberlain} and {Eduard Szocs}},
  year = {2013},
  url = {http://f1000research.com/articles/2-191/v2},
}

@Manual{,
  title = {taxize: Taxonomic information from around the web},
  author = {Scott Chamberlain and Eduard Szoecs and Zachary Foster and Zebulun Arendsee and Carl Boettiger and Karthik Ram and Ignasi Bartomeus and John Baumgartner and James O'Donnell and Jari Oksanen and Bastian Greshake Tzovaras and Philippe Marchand and Vinh Tran and Maëlle Salmon and Gaopeng Li and Matthias Grenié},
  year = {2019},
  note = {R package version 0.9.7},
  url = {https://github.com/ropensci/taxize},
}
@Article{,
  title = {countrycode: An R package to convert country names and country codes},
  author = {Vincent Arel-Bundock and Nils Enevoldsen and CJ Yetman},
  journal = {Journal of Open Source Software},
  year = {2018},
  volume = {3},
  number = {28},
  pages = {848},
  url = {https://doi.org/10.21105/joss.00848},
}
@Manual{,
  title = {foreach: Provides Foreach Looping Construct for R},
  author = {{Microsoft} and Steve Weston},
  year = {2017},
  note = {R package version 1.4.4},
  url = {https://CRAN.R-project.org/package=foreach},
}
@Manual{,
  title = {doParallel: Foreach Parallel Adaptor for the 'parallel' Package},
  author = {Microsoft Corporation and Steve Weston},
  year = {2018},
  note = {R package version 1.0.14},
  url = {https://CRAN.R-project.org/package=doParallel},
}
@Manual{,
  title = {fst: Lightning Fast Serialization of Data Frames for R},
  author = {Mark Klik},
  year = {2019},
  note = {R package version 0.9.0},
  url = {https://CRAN.R-project.org/package=fst},
}
@Manual{,
  title = {DT: A Wrapper of the JavaScript Library 'DataTables'},
  author = {Yihui Xie and Joe Cheng and Xianying Tan},
  year = {2019},
  note = {R package version 0.7},
  url = {https://CRAN.R-project.org/package=DT},
}
@Manual{,
  title = {treemap: Treemap Visualization},
  author = {Martijn Tennekes},
  year = {2017},
  note = {R package version 2.4-2},
  url = {https://CRAN.R-project.org/package=treemap},
}
