
@book{arel-bundock_countrycode_2018,
  title = {Countrycode: {{Convert Country Names}} and {{Country Codes}}},
  author = {{Arel-Bundock}, Vincent},
  year = {2018}
}

@book{attali_shinyjs_2018,
  ids = {attali\_shinyjs\_2018a},
  title = {Shinyjs: {{Easily Improve}} the {{User Experience}} of {{Your Shiny Apps}} in {{Seconds}}},
  author = {Attali, Dean},
  year = {2018}
}

@article{barnosky_approaching_2012,
  title = {Approaching a State Shift in {{Earth}}'s Biosphere},
  author = {Barnosky, Anthony D. and Hadly, Elizabeth A. and Bascompte, Jordi and Berlow, Eric L. and Brown, James H. and Fortelius, Mikael and Getz, Wayne M. and Harte, John and Hastings, Alan and Marquet, Pablo A. and Martinez, Neo D. and Mooers, Arne and Roopnarine, Peter and Vermeij, Geerat and Williams, John W. and Gillespie, Rosemary and Kitzes, Justin and Marshall, Charles and Matzke, Nicholas and Mindell, David P. and Revilla, Eloy and Smith, Adam B.},
  year = {2012},
  month = jun,
  volume = {486},
  pages = {52--58},
  issn = {0028-0836, 1476-4687},
  doi = {10.1038/nature11018},
  journal = {Nature},
  number = {7401}
}

@article{barracaracciolo_pharmaceuticals_2015,
  title = {Pharmaceuticals in the Environment: {{Biodegradation}} and Effects on Natural Microbial Communities. {{A}} Review},
  shorttitle = {Pharmaceuticals in the Environment},
  author = {Barra Caracciolo, Anna and Topp, Edward and Grenni, Paola},
  year = {2015},
  month = mar,
  volume = {106},
  pages = {25--36},
  issn = {07317085},
  doi = {10.1016/j.jpba.2014.11.040},
  journal = {Journal of Pharmaceutical and Biomedical Analysis}
}

@article{beketov_pesticides_2013,
  title = {Pesticides Reduce Regional Biodiversity of Stream Invertebrates},
  author = {Beketov, Mikhail A. and Kefford, Ben J. and Sch{\"a}fer, Ralf B. and Liess, Matthias},
  year = {2013},
  volume = {110},
  pages = {11039--11043},
  journal = {Proceedings of the National Academy of Sciences},
  number = {27}
}

@article{belanger_it_2015,
  title = {It Is Time to Develop Ecological Thresholds of Toxicological Concern to Assist Environmental Hazard Assessment: {{Development}} of Ecological Thresholds of Toxicological Concern},
  shorttitle = {It Is Time to Develop Ecological Thresholds of Toxicological Concern to Assist Environmental Hazard Assessment},
  author = {Belanger, Scott E. and Sanderson, Hans and Embry, Michelle R. and Coady, Katie and DeZwart, Dick and Farr, Brianna A. and Gutsell, Steve and Halder, Marlies and Sternberg, Robin and Wilson, Peter},
  year = {2015},
  month = dec,
  volume = {34},
  pages = {2864--2869},
  issn = {07307268},
  doi = {10.1002/etc.3132},
  journal = {Environmental Toxicology and Chemistry},
  number = {12}
}

@book{bengtsson_utils_2018,
  title = {R.Utils: {{Various Programming Utilities}}},
  author = {Bengtsson, Henrik},
  year = {2018}
}

@article{bernhardt_synthetic_2017,
  title = {Synthetic Chemicals as Agents of Global Change},
  author = {Bernhardt, Emily S and Rosi, Emma J and Gessner, Mark O},
  year = {2017},
  month = mar,
  volume = {15},
  pages = {84--90},
  issn = {15409295},
  doi = {10.1002/fee.1450},
  journal = {Frontiers in Ecology and the Environment},
  number = {2}
}

@article{bighiu_limited_2020,
  title = {Limited Effects of Pesticides on Stream Macroinvertebrates, Biofilm Nematodes, and Algae in Intensive Agricultural Landscapes in {{Sweden}}},
  author = {Bighiu, Maria Alexandra and H{\"o}ss, Sebastian and Traunspurger, Walter and Kahlert, Maria and Goedkoop, Willem},
  year = {2020},
  month = may,
  volume = {174},
  pages = {115640},
  issn = {00431354},
  doi = {10.1016/j.watres.2020.115640},
  journal = {Water Research}
}

@article{boivin_environmental_2017,
  title = {Environmental Risk Assessment of Pesticides: State of the Art and Prospective Improvement from Science},
  shorttitle = {Environmental Risk Assessment of Pesticides},
  author = {Boivin, Arnaud and Poulsen, V{\'e}ronique},
  year = {2017},
  month = mar,
  volume = {24},
  pages = {6889--6894},
  issn = {0944-1344, 1614-7499},
  doi = {10.1007/s11356-016-8289-2},
  journal = {Environmental Science and Pollution Research},
  number = {8}
}

@article{breithaupt_costs_2006,
  title = {The Costs of {{REACH}}. {{REACH}} Is Largely Welcomed, but the Requirement to Test Existing Chemicals for Adverse Effects Is Not Good News for All},
  author = {Breithaupt, Holger},
  year = {2006},
  month = oct,
  volume = {7},
  pages = {968--971},
  issn = {1469-221X, 1469-3178},
  doi = {10.1038/sj.embor.7400816},
  journal = {EMBO reports},
  number = {10}
}

@article{buchwalter_differences_2005,
  title = {Differences in {{Dissolved Cadmium}} and {{Zinc Uptake}} among {{Stream Insects}}: {{Mechanistic Explanations}}},
  shorttitle = {Differences in {{Dissolved Cadmium}} and {{Zinc Uptake}} among {{Stream Insects}}},
  author = {Buchwalter, David B. and Luoma, Samuel N.},
  year = {2005},
  month = jan,
  volume = {39},
  pages = {498--504},
  issn = {0013-936X, 1520-5851},
  doi = {10.1021/es0404421},
  journal = {Environmental Science \& Technology},
  number = {2}
}

@article{butchart_global_2010,
  title = {Global {{Biodiversity}}: {{Indicators}} of {{Recent Declines}}},
  shorttitle = {Global {{Biodiversity}}},
  author = {Butchart, S. H. M. and Walpole, M. and Collen, B. and {van Strien}, A. and Scharlemann, J. P. W. and Almond, R. E. A. and Baillie, J. E. M. and Bomhard, B. and Brown, C. and Bruno, J. and Carpenter, K. E. and Carr, G. M. and Chanson, J. and Chenery, A. M. and Csirke, J. and Davidson, N. C. and Dentener, F. and Foster, M. and Galli, A. and Galloway, J. N. and Genovesi, P. and Gregory, R. D. and Hockings, M. and Kapos, V. and Lamarque, J.-F. and Leverington, F. and Loh, J. and McGeoch, M. A. and McRae, L. and Minasyan, A. and Morcillo, M. H. and Oldfield, T. E. E. and Pauly, D. and Quader, S. and Revenga, C. and Sauer, J. R. and Skolnik, B. and Spear, D. and {Stanwell-Smith}, D. and Stuart, S. N. and Symes, A. and Tierney, M. and Tyrrell, T. D. and Vie, J.-C. and Watson, R.},
  year = {2010},
  month = may,
  volume = {328},
  pages = {1164--1168},
  issn = {0036-8075, 1095-9203},
  doi = {10.1126/science.1187512},
  journal = {Science},
  number = {5982}
}

@article{chamberlain_python_2017,
  title = {R {{Python}}, and {{Ruby}} Clients for {{GBIF}} Species Occurrence Data},
  author = {Chamberlain, Scott and Boettiger, Carl},
  year = {2017},
  journal = {PeerJ PrePrints}
}

@book{chamberlain_rgbif_2018,
  title = {Rgbif: {{Interface}} to the {{Global Biodiversity Information Facility API}}},
  author = {Chamberlain, Scott and Barve, Vijay and Mcglinn, Dan and Oldoni, Damiano},
  year = {2018}
}

@book{chamberlain_taxize_2018,
  title = {Taxize: {{Taxonomic}} Information from around the Web},
  author = {Chamberlain, Scott and Szoecs, Eduard and Foster, Zachary and Arendsee, Zebulun and Boettiger, Carl and Ram, Karthik and Bartomeus, Ignasi and Baumgartner, John and O'Donnell, James and Oksanen, Jari and Tzovaras, Bastian Greshake and Marchand, Philippe and Tran, Vinh},
  year = {2018}
}

@book{chang_shiny_2018,
  ids = {chang\_shiny\_2019},
  title = {Shiny: {{Web Application Framework}} for {{R}}},
  author = {Chang, Winston and Cheng, Joe and Allaire, J. J. and Xie, Yihui and McPherson, Jonathan},
  year = {2018}
}

@book{chang_shinydashboard_2018,
  ids = {chang\_shinydashboard\_2018a},
  title = {Shinydashboard: {{Create Dashboards}} with '{{Shiny}}'},
  author = {Chang, Winston and Ribeiro, Barbara Borges},
  year = {2018}
}

@article{clements_community_2009,
  title = {{{COMMUNITY RESPONSES TO CONTAMINANTS}}: {{USING BASIC ECOLOGICAL PRINCIPLES TO PREDICT ECOTOXICOLOGICAL EFFECTS}}},
  shorttitle = {{{COMMUNITY RESPONSES TO CONTAMINANTS}}},
  author = {Clements, William H. and Rohr, Jason R.},
  year = {2009},
  volume = {28},
  pages = {1789},
  issn = {0730-7268, 1552-8618},
  doi = {10.1897/09-140.1},
  journal = {Environmental Toxicology and Chemistry},
  number = {9}
}

@incollection{compson_linking_2018,
  title = {Linking {{DNA Metabarcoding}} and {{Text Mining}} to {{Create Network}}-{{Based Biomonitoring Tools}}: {{A Case Study}} on {{Boreal Wetland Macroinvertebrate Communities}}},
  shorttitle = {Linking {{DNA Metabarcoding}} and {{Text Mining}} to {{Create Network}}-{{Based Biomonitoring Tools}}},
  booktitle = {Advances in {{Ecological Research}}},
  author = {Compson, Zacchaeus G. and Monk, Wendy A. and Curry, Colin J. and Gravel, Dominique and Bush, Alex and Baker, Christopher J.O. and Al Manir, Mohammad Sadnan and Riazanov, Alexandre and Hajibabaei, Mehrdad and Shokralla, Shadi and Gibson, Joel F. and Stefani, Sonja and Wright, Michael T.G. and Baird, Donald J.},
  year = {2018},
  volume = {59},
  pages = {33--74},
  publisher = {{Elsevier}},
  doi = {10.1016/bs.aecr.2018.09.001},
  isbn = {978-0-12-814317-9}
}

@article{connell_influence_2016,
  title = {Influence of Exposure Time on Toxicity\textemdash{{An}} Overview},
  author = {Connell, Des W. and Yu, Qiming J. and Verma, Vibha},
  year = {2016},
  month = apr,
  volume = {355-356},
  pages = {49--53},
  issn = {0300483X},
  doi = {10.1016/j.tox.2016.05.015},
  journal = {Toxicology}
}

@article{connors_creation_2019,
  title = {Creation of a {{Curated Aquatic Toxicology Database}}: {{EnviroTox}}},
  shorttitle = {Creation of a {{Curated Aquatic Toxicology Database}}},
  author = {Connors, Kristin A. and Beasley, Amy and Barron, Mace G. and Belanger, Scott E. and Bonnell, Mark and Brill, Jessica L. and {de Zwart}, Dick and Kienzler, Aude and Krailler, Jesse and Otter, Ryan and Phillips, Joshua L. and Embry, Michelle R.},
  year = {2019},
  month = may,
  volume = {38},
  pages = {1062--1073},
  issn = {0730-7268, 1552-8618},
  doi = {10.1002/etc.4382},
  journal = {Environmental Toxicology and Chemistry},
  number = {5}
}

@book{conway_rpostgresql_2017,
  title = {{{RPostgreSQL}}: {{R Interface}} to the '{{PostgreSQL}}' {{Database System}}},
  author = {Conway, Joe and Eddelbuettel, Dirk and Nishiyama, Tomoaki and Prayaga, Sameer Kumar and Tiffin, Neil},
  year = {2017}
}

@article{dionisio_chemical_2018,
  title = {The {{Chemical}} and {{Products Database}}, a Resource for Exposure-Relevant Data on Chemicals in Consumer Products},
  author = {Dionisio, Kathie L. and Phillips, Katherine and Price, Paul S. and Grulke, Christopher M. and Williams, Antony and Biryol, Derya and Hong, Tao and Isaacs, Kristin K.},
  year = {2018},
  month = jul,
  volume = {5},
  pages = {180125},
  issn = {2052-4463},
  doi = {10.1038/sdata.2018.125},
  journal = {Scientific Data}
}

@book{dowle_data_2018,
  ids = {dowle\_data\_2019},
  title = {Data.Table: {{Extension}} of `data.Frame`},
  author = {Dowle, Matt and Srinivasan, Arun},
  year = {2018}
}

@article{elonen_ecotoxicology_2018,
  title = {{{ECOTOXicology Knowledgebase System}}: {{User Guide}}},
  author = {Elonen, Colleen M},
  year = {2018},
  month = jun,
  pages = {91}
}

@misc{europeancommission_eurostat_2019,
  title = {Eurostat},
  author = {{European Commission}},
  year = {2019},
  howpublished = {https://ec.europa.eu/eurostat/data/database}
}

@article{fang_critical_2019,
  title = {A Critical Review of Synthetic Chemicals in Surface Waters of the {{US}}, the {{EU}} and {{China}}},
  author = {Fang, Wendi and Peng, Ying and Muir, Derek and Lin, Jun and Zhang, Xiaowei},
  year = {2019},
  month = oct,
  volume = {131},
  pages = {104994},
  issn = {01604120},
  doi = {10.1016/j.envint.2019.104994},
  journal = {Environment International}
}

@article{fernandes_lethal_2016,
  title = {Lethal and Sublethal Effects of Seven Insecticides on Three Beneficial Insects in Laboratory Assays and Field Trials},
  author = {Fernandes, Maria E.S. and Alves, Fl{\'a}via M. and Pereira, Renata C. and Aquino, Leonardo A. and Fernandes, Fl{\'a}vio L. and Zanuncio, Jos{\'e} C.},
  year = {2016},
  month = aug,
  volume = {156},
  pages = {45--55},
  issn = {00456535},
  doi = {10.1016/j.chemosphere.2016.04.115},
  journal = {Chemosphere}
}

@article{gadaleta_new_2018,
  title = {A New Semi-Automated Workflow for Chemical Data Retrieval and Quality Checking for Modeling Applications},
  author = {Gadaleta, Domenico and Lombardo, Anna and Toma, Cosimo and Benfenati, Emilio},
  year = {2018},
  month = dec,
  volume = {10},
  issn = {1758-2946},
  doi = {10.1186/s13321-018-0315-6},
  journal = {Journal of Cheminformatics},
  number = {1}
}

@article{gayta!n_functional_2014,
  title = {Functional Toxicology: Tools to Advance the Future of Toxicity Testing},
  shorttitle = {Functional Toxicology},
  author = {Gayt{\~A}\textexclamdown{}n, Brandon D. and Vulpe, Chris D.},
  year = {2014},
  month = may,
  volume = {5},
  issn = {1664-8021},
  doi = {10.3389/fgene.2014.00110},
  journal = {Frontiers in Genetics}
}

@misc{gbif_gbif_2019,
  title = {{{GBIF}}: {{The Global Biodiversity Information Facility}} (Year) {{What}} Is {{GBIF}}?},
  author = {{GBIF}},
  year = {2019},
  howpublished = {https://www.gbif.org/what-is-gbif}
}

@misc{gbifhomepage_gbif_2018,
  title = {{{GBIF}}.Org},
  author = {GBIF Home Page},
  year = {2018},
  howpublished = {https://www.gbif.org}
}

@article{gessner_fostering_2016,
  title = {Fostering Integration of Freshwater Ecology with Ecotoxicology},
  author = {Gessner, Mark O. and Tlili, Ahmed},
  year = {2016},
  month = dec,
  volume = {61},
  pages = {1991--2001},
  issn = {00465070},
  doi = {10.1111/fwb.12852},
  journal = {Freshwater Biology},
  number = {12}
}

@article{gomes_review_2017,
  title = {Review of the Ecotoxicological Effects of Emerging Contaminants to Soil Biota},
  author = {Gomes, Ana R. and Justino, Celine and {Rocha-Santos}, Teresa and Freitas, Ana C. and Duarte, Armando C. and Pereira, Ruth},
  year = {2017},
  month = aug,
  volume = {52},
  pages = {992--1007},
  issn = {1093-4529, 1532-4117},
  doi = {10.1080/10934529.2017.1328946},
  journal = {Journal of Environmental Science and Health, Part A},
  number = {10}
}

@book{granjon_shinydashboardplus_2019,
  title = {{{shinydashboardPlus}}: Add More '{{AdminLTE2}}' Components to 'Shinydashboard'},
  author = {Granjon, David},
  year = {2019}
}

@article{hallmann_declines_2014,
  title = {Declines in Insectivorous Birds Are Associated with High Neonicotinoid Concentrations},
  author = {Hallmann, Caspar A. and Foppen, Ruud P. B. and {van Turnhout}, Chris A. M. and {de Kroon}, Hans and Jongejans, Eelke},
  year = {2014},
  month = jul,
  volume = {511},
  pages = {341--343},
  issn = {0028-0836, 1476-4687},
  doi = {10.1038/nature13531},
  journal = {Nature},
  number = {7509}
}

@article{hallmann_more_2017,
  title = {More than 75 Percent Decline over 27 Years in Total Flying Insect Biomass in Protected Areas},
  author = {Hallmann, Caspar A. and Sorg, Martin and Jongejans, Eelke and Siepel, Henk and Hofland, Nick and Schwan, Heinz and Stenmans, Werner and M{\"u}ller, Andreas and Sumser, Hubert and H{\"o}rren, Thomas and Goulson, Dave and {de Kroon}, Hans},
  year = {2017},
  month = oct,
  volume = {12},
  pages = {1--21},
  doi = {10.1371/journal.pone.0185809},
  journal = {PLOS ONE},
  number = {10}
}

@article{hartung_chemical_2009,
  title = {Chemical Regulators Have Overreached},
  author = {Hartung, Thomas and Rovida, Costanza},
  year = {2009},
  month = aug,
  volume = {460},
  pages = {1080--1081},
  issn = {0028-0836, 1476-4687},
  doi = {10.1038/4601080a},
  journal = {Nature},
  number = {7259}
}

@article{hastings_chebi_2016,
  title = {{{ChEBI}} in 2016: {{Improved}} Services and an Expanding Collection of Metabolites},
  shorttitle = {{{ChEBI}} in 2016},
  author = {Hastings, Janna and Owen, Gareth and Dekker, Adriano and Ennis, Marcus and Kale, Namrata and Muthukrishnan, Venkatesh and Turner, Steve and Swainston, Neil and Mendes, Pedro and Steinbeck, Christoph},
  year = {2016},
  month = jan,
  volume = {44},
  pages = {D1214-D1219},
  issn = {0305-1048, 1362-4962},
  doi = {10.1093/nar/gkv1031},
  journal = {Nucleic Acids Research},
  number = {D1}
}

@misc{healthandenvironmentalsciencesinstitutehesi_envirotox_2019,
  title = {{{EnviroTox Database}} \& {{Tools}}. {{Version}} 1.1.0},
  author = {{Health and Environmental Sciences Institute (HESI)}},
  year = {2019},
  howpublished = {http://www.envirotoxdatabase.org}
}

@article{heller_inchi_2013,
  title = {{{InChI}} - the Worldwide Chemical Structure Identifier Standard},
  author = {Heller, Stephen and McNaught, Alan and Stein, Stephen and Tchekhovskoi, Dmitrii and Pletnev, Igor},
  year = {2013},
  month = dec,
  volume = {5},
  pages = {7},
  issn = {1758-2946},
  doi = {10.1186/1758-2946-5-7},
  journal = {Journal of Cheminformatics},
  number = {1}
}

@article{hitchcock_improving_2018,
  title = {Improving {{Data Reporting}} in {{Ecotoxicological Studies}}},
  author = {Hitchcock, Daniel J. and Andersen, Tom and Varpe, {\O}ystein and Borg{\aa}, Katrine},
  year = {2018},
  month = aug,
  volume = {52},
  pages = {8061--8062},
  issn = {0013-936X, 1520-5851},
  doi = {10.1021/acs.est.8b03324},
  journal = {Environmental Science \& Technology},
  number = {15}
}

@article{hutchinson_analysis_1998a,
  title = {Analysis of the Ecetoc Aquatic Toxicity ({{EAT}}) Database {{III}} \textemdash{} {{Comparative}} Toxicity of Chemical Substances to Different Life Stages of Aquatic Organisms},
  author = {Hutchinson, Thomas H. and Solbe, John and {Kloepper-Sams}, Pamela J.},
  year = {1998},
  month = jan,
  volume = {36},
  pages = {129--142},
  issn = {00456535},
  doi = {10.1016/S0045-6535(97)10025-X},
  journal = {Chemosphere},
  number = {1}
}

@book{internationalprogramonchemicalsafety_who_2010,
  title = {{{WHO}} Recommended Classification of Pesticides by Hazard and Guidelines to Classification 2009.},
  author = {{International Program on Chemical Safety} and {Inter-Organization Programme for the Sound Management of Chemicals} and {World Health Organization}},
  year = {2010},
  publisher = {{World Health Organization}},
  address = {{Geneva}},
  isbn = {978-92-4-154796-3 978-92-4-068522-2}
}

@article{johnston_review_2015,
  title = {{{REVIEW}}: {{Chemical}} Contaminant Effects on Marine Ecosystem Functioning},
  shorttitle = {{{REVIEW}}},
  author = {Johnston, Emma L. and {Mayer-Pinto}, Mariana and Crowe, Tasman P.},
  editor = {Frid, Chris},
  year = {2015},
  month = feb,
  volume = {52},
  pages = {140--149},
  issn = {00218901},
  doi = {10.1111/1365-2664.12355},
  journal = {Journal of Applied Ecology},
  number = {1}
}

@article{kefford_definition_2011,
  title = {The Definition of Species Richness Used by Species Sensitivity Distributions Approximates Observed Effects of Salinity on Stream Macroinvertebrates},
  author = {Kefford, Ben J. and Marchant, Richard and Sch{\"a}fer, Ralf B. and Metzeling, Leon and Dunlop, Jason E. and Choy, Satish C. and Goonan, Peter},
  year = {2011},
  month = jan,
  volume = {159},
  pages = {302--310},
  issn = {02697491},
  doi = {10.1016/j.envpol.2010.08.025},
  journal = {Environmental Pollution},
  number = {1}
}

@article{kim_pubchem_2016,
  title = {{{PubChem Substance}} and {{Compound}} Databases},
  author = {Kim, Sunghwan and Thiessen, Paul A. and Bolton, Evan E. and Chen, Jie and Fu, Gang and Gindulyte, Asta and Han, Lianyi and He, Jane and He, Siqian and Shoemaker, Benjamin A. and Wang, Jiyao and Yu, Bo and Zhang, Jian and Bryant, Stephen H.},
  year = {2016},
  month = jan,
  volume = {44},
  pages = {D1202-D1213},
  issn = {0305-1048, 1362-4962},
  doi = {10.1093/nar/gkv951},
  journal = {Nucleic Acids Research},
  number = {D1}
}

@book{klik_fst_2019,
  title = {Fst: Lightning Fast Serialization of Data Frames for {{R}}},
  author = {Klik, Mark},
  year = {2019}
}

@article{kohler_wildlife_2013,
  title = {Wildlife {{Ecotoxicology}} of {{Pesticides}}: {{Can We Track Effects}} to the {{Population Level}} and {{Beyond}}?},
  shorttitle = {Wildlife {{Ecotoxicology}} of {{Pesticides}}},
  author = {Kohler, H.-R. and Triebskorn, R.},
  year = {2013},
  month = aug,
  volume = {341},
  pages = {759--765},
  issn = {0036-8075, 1095-9203},
  doi = {10.1126/science.1237591},
  journal = {Science},
  number = {6147}
}

@book{komsta_outliers_2011,
  title = {Outliers: {{Tests}} for Outliers},
  author = {Komsta, Lukasz},
  year = {2011}
}

@book{lang_rcurl_2018,
  title = {{{RCurl}}: {{General Network}} ({{HTTP}}/{{FTP}}/...) {{Client Interface}} for {{R}}},
  author = {Lang, Duncan Temple and {team}, the CRAN},
  year = {2018}
}

@article{leith_comparison_2010,
  title = {A Comparison of Techniques for Assessing Central Tendency in Left-Censored Data Using {{PCB}} and p,P{${'}$}{{DDE}} Contaminant Concentrations from {{Michigan}}'s {{Bald Eagle Biosentinel Program}}},
  author = {Leith, Katherine F. and Bowerman, William W. and Wierda, Michael R. and Best, Dave A. and Grubb, Teryl G. and Sikarske, James G.},
  year = {2010},
  month = jun,
  volume = {80},
  pages = {7--12},
  issn = {00456535},
  doi = {10.1016/j.chemosphere.2010.03.056},
  journal = {Chemosphere},
  number = {1}
}

@article{lewis_international_2016,
  title = {An International Database for Pesticide Risk Assessments and Management},
  author = {Lewis, Kathleen A. and Tzilivakis, John and Warner, Douglas J. and Green, Andrew},
  year = {2016},
  month = may,
  volume = {22},
  pages = {1050--1064},
  issn = {1080-7039, 1549-7860},
  doi = {10.1080/10807039.2015.1133242},
  journal = {Human and Ecological Risk Assessment: An International Journal},
  number = {4}
}

@article{li_temperature_2011,
  title = {Temperature Affects Cadmium-Induced Phytotoxicity Involved in Subcellular Cadmium Distribution and Oxidative Stress in Wheat Roots},
  author = {Li, Dandan and Zhou, Dongmei and Wang, Peng and Li, Lianzhen},
  year = {2011},
  month = oct,
  volume = {74},
  pages = {2029--2035},
  issn = {01476513},
  doi = {10.1016/j.ecoenv.2011.06.004},
  journal = {Ecotoxicology and Environmental Safety},
  number = {7}
}

@article{liess_predicting_2019,
  title = {Predicting Low-Concentration Effects of Pesticides},
  author = {Liess, Matthias and Henz, Sebastian and Knillmann, Saskia},
  year = {2019},
  month = dec,
  volume = {9},
  pages = {15248},
  issn = {2045-2322},
  doi = {10.1038/s41598-019-51645-4},
  journal = {Scientific Reports},
  number = {1}
}

@article{lopez-pacheco_anthropogenic_2019,
  title = {Anthropogenic Contaminants of High Concern: {{Existence}} in Water Resources and Their Adverse Effects},
  shorttitle = {Anthropogenic Contaminants of High Concern},
  author = {{L{\'o}pez-Pacheco}, Itzel Y. and {Silva-N{\'u}{\~n}ez}, Arisbe and {Salinas-Salazar}, Carmen and {Ar{\'e}valo-Gallegos}, Alejandra and {Lizarazo-Holguin}, Laura A. and Barcel{\'o}, Dami{\'a} and Iqbal, Hafiz M.N. and {Parra-Sald{\'i}var}, Roberto},
  year = {2019},
  month = nov,
  volume = {690},
  pages = {1068--1088},
  issn = {00489697},
  doi = {10.1016/j.scitotenv.2019.07.052},
  journal = {Science of The Total Environment}
}

@article{malaj_evolutionary_2016,
  title = {Evolutionary Patterns and Physicochemical Properties Explain Macroinvertebrate Sensitivity to Heavy Metals},
  author = {Malaj, Egina and Gu{\'e}nard, Guillaume and Sch{\"a}fer, Ralf B. and {von der Ohe}, Peter C.},
  year = {2016},
  month = jun,
  volume = {26},
  pages = {1249--1259},
  issn = {10510761},
  doi = {10.1890/15-0346},
  journal = {Ecological Applications},
  number = {4}
}

@article{malaj_organic_2014,
  title = {Organic Chemicals Jeopardize the Health of Freshwater Ecosystems on the Continental Scale},
  author = {Malaj, Egina and von der Ohe, Peter C. and Grote, Matthias and K{\"u}hne, Ralph and Mondy, C{\'e}dric P. and {Usseglio-Polatera}, Philippe and Brack, Werner and Sch{\"a}fer, Ralf B.},
  year = {2014},
  month = jan,
  volume = {111},
  pages = {9549--9554},
  issn = {0027-8424, 1091-6490},
  doi = {10.1073/pnas.1321082111},
  journal = {Proceedings of the National Academy of Sciences},
  keywords = {ecological data,effect thresholds,river basins,streams,toxicity},
  number = {26}
}

@article{malaj_physiological_2012,
  title = {Physiological Sensitivity of Freshwater Macroinvertebrates to Heavy Metals},
  author = {Malaj, Egina and Grote, Matthias and Sch{\"a}fer, Ralf B. and Brack, Werner and {von der Ohe}, Peter Carsten},
  year = {2012},
  month = aug,
  volume = {31},
  pages = {1754--1764},
  issn = {07307268},
  doi = {10.1002/etc.1868},
  journal = {Environmental Toxicology and Chemistry},
  number = {8}
}

@article{maloney_neonicotinoid_2018,
  title = {Neonicotinoid Insecticide Mixtures: {{Evaluation}} of Laboratory-Based Toxicity Predictions under Semi-Controlled Field Conditions},
  shorttitle = {Neonicotinoid Insecticide Mixtures},
  author = {Maloney, E.M. and Liber, K. and Headley, J.V. and Peru, K.M. and Morrissey, C.A.},
  year = {2018},
  month = dec,
  volume = {243},
  pages = {1727--1739},
  issn = {02697491},
  doi = {10.1016/j.envpol.2018.09.008},
  journal = {Environmental Pollution}
}

@article{mark_analysis_1998,
  title = {Analysis of the Ecetoc Aquatic Toxicity ({{EAT}}) Database {{V}} \textemdash{} {{The}} Relevance of {{Daphnia}} Magna as a Representative Test Species},
  author = {Mark, Ute and Solb{\'e}, John},
  year = {1998},
  month = jan,
  volume = {36},
  pages = {155--166},
  issn = {00456535},
  doi = {10.1016/S0045-6535(97)10027-3},
  journal = {Chemosphere},
  number = {1}
}

@article{morrissey_neonicotinoid_2015,
  title = {Neonicotinoid Contamination of Global Surface Waters and Associated Risk to Aquatic Invertebrates: {{A}} Review},
  shorttitle = {Neonicotinoid Contamination of Global Surface Waters and Associated Risk to Aquatic Invertebrates},
  author = {Morrissey, Christy A. and Mineau, Pierre and Devries, James H. and {Sanchez-Bayo}, Francisco and Liess, Matthias and Cavallaro, Michael C. and Liber, Karsten},
  year = {2015},
  month = jan,
  volume = {74},
  pages = {291--303},
  issn = {01604120},
  doi = {10.1016/j.envint.2014.10.024},
  journal = {Environment International}
}

@misc{nationalinstitutesofhealthnih_chemical_2019,
  title = {Chemical {{Identifier Resolver}}},
  author = {{National Institutes of Health (NIH)}},
  year = {2019},
  month = nov,
  howpublished = {https://cactus.nci.nih.gov/chemical/structure}
}

@article{nekola_artifactions_2008,
  title = {Artifactions in the {{Log}}-{{Transformation}} of {{Species Abundance Distributions}}},
  author = {Nekola, Jeffrey C. and {\v S}izling, Arno{\v s}t L. and Boyer, Alison G. and Storch, David},
  year = {2008},
  month = sep,
  volume = {43},
  pages = {259--268},
  issn = {1211-9520, 1874-9348},
  doi = {10.1007/s12224-008-9020-y},
  journal = {Folia Geobotanica},
  number = {3}
}

@misc{oecd_oecd_2018,
  title = {{{OECD Guidelines}} for the {{Testing}} of {{Chemicals}}},
  author = {OECD},
  year = {2018},
  month = dec,
  howpublished = {https://doi.org/10.1787/20745761}
}

@book{oksanen_vegan_2018,
  title = {Vegan: {{Community Ecology Package}}},
  author = {Oksanen, Jari and Blanchet, F. Guillaume and Friendly, Michael and Kindt, Roeland and Legendre, Pierre and McGlinn, Dan and Minchin, Peter R. and O'Hara, R. B. and Simpson, Gavin L. and Solymos, Peter and Stevens, M. Henry H. and Szoecs, Eduard and Wagner, Helene},
  year = {2018}
}

@article{ooms_jsonlite_2014,
  title = {The Jsonlite {{Package}}: {{A Practical}} and {{Consistent Mapping Between JSON Data}} and {{R Objects}}},
  author = {Ooms, Jeroen},
  year = {2014},
  journal = {arXiv:1403.2805 [stat.CO]}
}

@incollection{pereira_ecotoxicological_2018,
  title = {Ecotoxicological {{Effects}} and {{Risk Assessment}} of {{Pollutants}}},
  booktitle = {Soil {{Pollution}}},
  author = {Pereira, Ruth and Cachada, Anabela and Sousa, Jos{\'e} Paulo and Niemeyer, Julia and Markwiese, James and Andersen, Christian P.},
  year = {2018},
  pages = {191--216},
  publisher = {{Elsevier}},
  doi = {10.1016/B978-0-12-849873-6.00008-X},
  isbn = {978-0-12-849873-6}
}

@book{perrier_shinywidgets_2019,
  title = {{{shinyWidgets}}: Custom Inputs Widgets for Shiny},
  author = {Perrier, Victor and Meyer, Fanny and Granjon, David},
  year = {2019}
}

@article{peters_review_2013,
  title = {Review on the Effects of Toxicants on Freshwater Ecosystem Functions},
  author = {Peters, K. and Bundschuh, M. and Sch{\"a}fer, R.B.},
  year = {2013},
  month = sep,
  volume = {180},
  pages = {324--329},
  issn = {02697491},
  doi = {10.1016/j.envpol.2013.05.025},
  journal = {Environmental Pollution}
}

@article{petrie_review_2015,
  title = {A Review on Emerging Contaminants in Wastewaters and the Environment: {{Current}} Knowledge, Understudied Areas and Recommendations for Future Monitoring},
  shorttitle = {A Review on Emerging Contaminants in Wastewaters and the Environment},
  author = {Petrie, Bruce and Barden, Ruth and {Kasprzyk-Hordern}, Barbara},
  year = {2015},
  month = apr,
  volume = {72},
  pages = {3--27},
  issn = {00431354},
  doi = {10.1016/j.watres.2014.08.053},
  journal = {Water Research}
}

@article{petschick_modeling_2019,
  title = {Modeling {{Regulatory Threshold Levels}} for {{Pesticides}} in {{Surface Waters}} from {{Effect Databases}}},
  author = {Petschick, Lara L and Bub, Sascha and Wolfram, Jakob and Stehle, Sebastian and Schulz, Ralf},
  year = {2019},
  pages = {20}
}

@book{posthuma_species_2002,
  title = {Species Sensitivity Distributions in Ecotoxicology},
  editor = {Posthuma, Leo and Suter, Glenn W. and Traas, Theo P.},
  year = {2002},
  publisher = {{Lewis Publishers}},
  address = {{Boca Raton, Fla}},
  isbn = {978-1-56670-578-3},
  lccn = {QH541.15.R57 S64 2002},
  series = {Environmental and Ecological Risk Assessment}
}

@article{rainbow_trace_2002,
  title = {Trace Metal Concentrations in Aquatic Invertebrates: Why and so What?},
  shorttitle = {Trace Metal Concentrations in Aquatic Invertebrates},
  author = {Rainbow, Philip S},
  year = {2002},
  month = dec,
  volume = {120},
  pages = {497--507},
  issn = {02697491},
  doi = {10.1016/S0269-7491(02)00238-5},
  journal = {Environmental Pollution},
  number = {3}
}

@book{rcoreteam_language_2017,
  title = {R: {{A Language}} and {{Environment}} for {{Statistical Computing}}},
  author = {{R Core Team}},
  year = {2017},
  publisher = {{R Foundation for Statistical Computing}},
  address = {{Vienna, Austria}}
}

@article{reinert_effects_2002,
  title = {Effects Analysis of Time-Varying or Repeated Exposures in Aquatic Ecological Risk Assessment of Agrochemicals},
  author = {Reinert, Kevin H. and Giddings, Jeffrey M. and Judd, Laura},
  year = {2002},
  month = sep,
  volume = {21},
  pages = {1977--1992},
  issn = {07307268, 15528618},
  doi = {10.1002/etc.5620210928},
  journal = {Environmental Toxicology and Chemistry},
  number = {9}
}

@article{rhind_anthropogenic_2009,
  title = {Anthropogenic Pollutants: A Threat to Ecosystem Sustainability?},
  shorttitle = {Anthropogenic Pollutants},
  author = {Rhind, S. M.},
  year = {2009},
  month = nov,
  volume = {364},
  pages = {3391--3401},
  issn = {0962-8436, 1471-2970},
  doi = {10.1098/rstb.2009.0122},
  journal = {Philosophical Transactions of the Royal Society B: Biological Sciences},
  number = {1534}
}

@article{riley_small_2018,
  title = {Small {{Water Bodies}} in {{Great Britain}} and {{Ireland}}: {{Ecosystem}} Function, Human-Generated Degradation, and Options for Restorative Action},
  shorttitle = {Small {{Water Bodies}} in {{Great Britain}} and {{Ireland}}},
  author = {Riley, William D. and Potter, Edward C.E. and Biggs, Jeremy and Collins, Adrian L. and Jarvie, Helen P. and Jones, J. Iwan and {Kelly-Quinn}, Mary and Ormerod, Steve J. and Sear, David A. and Wilby, Robert L. and Broadmeadow, Samantha and Brown, Colin D. and Chanin, Paul and Copp, Gordon H. and Cowx, Ian G. and Grogan, Adam and Hornby, Duncan D. and Huggett, Duncan and Kelly, Martyn G. and Naura, Marc and Newman, Jonathan R. and Siriwardena, Gavin M.},
  year = {2018},
  month = dec,
  volume = {645},
  pages = {1598--1616},
  issn = {00489697},
  doi = {10.1016/j.scitotenv.2018.07.243},
  journal = {Science of The Total Environment}
}

@book{rinker_pacman_2017,
  title = {Pacman: {{Package Management}} for {{R}}},
  author = {Rinker, Tyler W. and Kurkiewicz, Dason},
  year = {2017},
  publisher = {{University at Buffalo/SUNY}},
  address = {{Buffalo, New York}}
}

@article{rockstrom_safe_2009,
  title = {A Safe Operating Space for Humanity},
  author = {Rockstr{\"o}m, Johan and Steffen, Will and Noone, Kevin and Persson, \textbackslash{}AAsa and Chapin III, F. Stuart and Lambin, Eric F. and Lenton, Timothy M. and Scheffer, Marten and Folke, Carl and Schellnhuber, Hans Joachim},
  year = {2009},
  volume = {461},
  pages = {472},
  journal = {nature},
  number = {7263}
}

@article{rohr_community_2006,
  title = {Community Ecology as a Framework for Predicting Contaminant Effects},
  author = {Rohr, Jason R. and Kerby, Jacob L. and Sih, Andrew},
  year = {2006},
  month = nov,
  volume = {21},
  pages = {606--613},
  issn = {01695347},
  doi = {10.1016/j.tree.2006.07.002},
  journal = {Trends in Ecology \& Evolution},
  number = {11}
}

@incollection{rosa_transforming_2017,
  title = {Transforming {{Our World}}: {{The}} 2030 {{Agenda}} for {{Sustainable Development}}},
  shorttitle = {Transforming {{Our World}}},
  booktitle = {A {{New Era}} in {{Global Health}}},
  editor = {Rosa, William},
  year = {2017},
  month = jun,
  publisher = {{Springer Publishing Company}},
  address = {{New York, NY}},
  doi = {10.1891/9780826190123.ap02},
  isbn = {978-0-8261-9011-6 978-0-8261-9012-3}
}

@article{rosenkrantz_influence_2013,
  title = {Influence of {{pH}}, Light Cycle, and Temperature on Ecotoxicity of Four Sulfonylurea Herbicides towards {{Lemna}} Gibba},
  author = {Rosenkrantz, Rikke T. and Cedergreen, Nina and Baun, Anders and Kusk, K. Ole},
  year = {2013},
  month = jan,
  volume = {22},
  pages = {33--41},
  issn = {0963-9292, 1573-3017},
  doi = {10.1007/s10646-012-1000-6},
  journal = {Ecotoxicology},
  number = {1}
}

@article{sanchez-bayo_simple_2009,
  title = {From Simple Toxicological Models to Prediction of Toxic Effects in Time},
  author = {{S{\'a}nchez-Bayo}, Francisco},
  year = {2009},
  month = apr,
  volume = {18},
  pages = {343--354},
  issn = {0963-9292, 1573-3017},
  doi = {10.1007/s10646-008-0290-1},
  journal = {Ecotoxicology},
  number = {3}
}

@article{sanchez-bayo_worldwide_2019,
  title = {Worldwide Decline of the Entomofauna: {{A}} Review of Its Drivers},
  shorttitle = {Worldwide Decline of the Entomofauna},
  author = {{S{\'a}nchez-Bayo}, Francisco and Wyckhuys, Kris A.G.},
  year = {2019},
  month = apr,
  volume = {232},
  pages = {8--27},
  issn = {00063207},
  doi = {10.1016/j.biocon.2019.01.020},
  journal = {Biological Conservation}
}

@article{schafer_effects_2011,
  title = {Effects of {{Pesticides Monitored}} with {{Three Sampling Methods}} in 24 {{Sites}} on {{Macroinvertebrates}} and {{Microorganisms}}},
  author = {Sch{\"a}fer, Ralf B. and Pettigrove, Vincent and Rose, Gavin and Allinson, Graeme and Wightwick, Adam and {von der Ohe}, Peter C. and Shimeta, Jeff and K{\"u}hne, Ralph and Kefford, Ben J.},
  year = {2011},
  month = feb,
  volume = {45},
  pages = {1665--1672},
  issn = {0013-936X, 1520-5851},
  doi = {10.1021/es103227q},
  journal = {Environmental Science \& Technology},
  number = {4}
}

@article{schafer_future_2019,
  ids = {schafer\_future\_2019a},
  title = {Future Pesticide Risk Assessment: Narrowing the Gap between Intention and Reality},
  shorttitle = {Future Pesticide Risk Assessment},
  author = {Sch{\"a}fer, Ralf B. and Liess, Matthias and Altenburger, Rolf and Filser, Juliane and Hollert, Henner and {Ro{\ss}-Nickoll}, Martina and Sch{\"a}ffer, Andreas and Scheringer, Martin},
  year = {2019},
  month = dec,
  volume = {31},
  issn = {2190-4707, 2190-4715},
  doi = {10.1186/s12302-019-0203-3},
  journal = {Environmental Sciences Europe},
  number = {1}
}

@article{schafer_thresholds_2012,
  title = {Thresholds for the {{Effects}} of {{Pesticides}} on {{Invertebrate Communities}} and {{Leaf Breakdown}} in {{Stream Ecosystems}}},
  author = {Sch{\"a}fer, Ralf B. and {von der Ohe}, Peter Carsten and Rasmussen, Jes and Kefford, Ben J. and Beketov, Mikhail A. and Schulz, Ralf and Liess, Matthias},
  year = {2012},
  month = may,
  volume = {46},
  pages = {5134--5142},
  issn = {0013-936X, 1520-5851},
  doi = {10.1021/es2039882},
  journal = {Environmental Science \& Technology},
  number = {9}
}

@book{schaffer_stumme_2018,
  title = {Der Stumme {{Fr{\"u}hling}}: Zur {{Notwendigkeit}} Eines Umweltvertr{\"a}glichen {{Pflanzenschutzes}}},
  shorttitle = {Der Stumme {{Fr{\"u}hling}}},
  author = {Sch{\"a}ffer, Andreas and Filser, Juliane and Frische, Tobias and Gessner, Mark O. and K{\"o}ck, Wolfgang and Kratz, Werner and Liess, Matthias and Nuppenau, Ernst-August and {Ro{\ss}-Nickoll}, Martina and Sch{\"a}fer, Ralf and Scheringer, Martin},
  year = {2018},
  publisher = {{Deutsche Akademie der Naturforscher Leopoldina e.V. - Nationale Akademie der Wissenschaften}},
  address = {{Halle (Saale)}},
  collaborator = {{Deutsche Akademie der Naturforscher Leopoldina}},
  isbn = {978-3-8047-3858-4},
  number = {Nr. 16},
  series = {Diskussion / {{Deutsche Akademie}} Der {{Naturforscher Leopoldina}}}
}

@book{schloerke_reactlog_2019,
  title = {Reactlog: {{Reactivity Visualizer}} for 'Shiny'},
  author = {Schloerke, Barret},
  year = {2019}
}

@article{schuurmann_quantitative_2011,
  title = {Quantitative {{Read}}-{{Across}} for {{Predicting}} the {{Acute Fish Toxicity}} of {{Organic Compounds}}},
  author = {Sch{\"u}{\"u}rmann, Gerrit and Ebert, Ralf-Uwe and K{\"u}hne, Ralph},
  year = {2011},
  month = may,
  volume = {45},
  pages = {4616--4622},
  issn = {0013-936X, 1520-5851},
  doi = {10.1021/es200361r},
  journal = {Environmental Science \& Technology},
  number = {10}
}

@article{schwarzenbach_challenge_2006,
  title = {The {{Challenge}} of {{Micropollutants}} in {{Aquatic Systems}}},
  author = {Schwarzenbach, R. P.},
  year = {2006},
  month = aug,
  volume = {313},
  pages = {1072--1077},
  issn = {0036-8075, 1095-9203},
  doi = {10.1126/science.1127291},
  journal = {Science},
  number = {5790}
}

@article{scottchamberlain_taxize_2013,
  title = {Taxize - Taxonomic Search and Retrieval in {{R}}},
  author = {{Scott Chamberlain} and {Eduard Szocs}},
  year = {2013},
  journal = {F1000Research}
}

@article{seibold_arthropod_2019,
  title = {Arthropod Decline in Grasslands and Forests Is Associated with Landscape-Level Drivers},
  author = {Seibold, Sebastian and Gossner, Martin M. and Simons, Nadja K. and Bl{\"u}thgen, Nico and M{\"u}ller, J{\"o}rg and Ambarl\i, Didem and Ammer, Christian and Bauhus, J{\"u}rgen and Fischer, Markus and Habel, Jan C. and Linsenmair, Karl Eduard and Nauss, Thomas and Penone, Caterina and Prati, Daniel and Schall, Peter and Schulze, Ernst-Detlef and Vogt, Juliane and W{\"o}llauer, Stephan and Weisser, Wolfgang W.},
  year = {2019},
  month = oct,
  volume = {574},
  pages = {671--674},
  issn = {0028-0836, 1476-4687},
  doi = {10.1038/s41586-019-1684-3},
  journal = {Nature},
  number = {7780}
}

@book{slowikowski_ggrepel_2018,
  title = {Ggrepel: {{Automatically Position Non}}-{{Overlapping Text Labels}} with 'Ggplot2'},
  author = {Slowikowski, Kamil},
  year = {2018}
}

@article{solb_analysis_,
  title = {{{ANALYSIS OF THE ECETOC AQUATIC TOXICITY fEAT}}) {{DATABASE I}}-{{GENERAL INTRODUCTION}}},
  author = {Solb, John and Mark, Ute and Buyle, Beatrijs and Guhl, Walter and Hutchinson, Thomas and {Klocpper-ZamsO}, Pamela and Scholz, Norbert},
  pages = {15}
}

@article{staveley_challenge_2016,
  title = {{\emph{The }}{{{\emph{Challenge}}}} : {{How}} Can We Improve the Quality of Ecotoxicology Research to Increase Relevance and Use in Regulatory Decision Making?},
  shorttitle = {{\emph{The }}{{{\emph{Challenge}}}}},
  author = {Staveley, Jane and Wentsel, Randall},
  year = {2016},
  month = jan,
  volume = {35},
  pages = {14--14},
  issn = {07307268},
  doi = {10.1002/etc.3194},
  journal = {Environmental Toxicology and Chemistry},
  number = {1}
}

@article{steffen_anthropocene_2007,
  title = {The {{Anthropocene}}: {{Are Humans Now Overwhelming}} the {{Great Forces}} of {{Nature}}},
  shorttitle = {The {{Anthropocene}}},
  author = {Steffen, Will and Crutzen, Paul J. and McNeill, John R.},
  year = {2007},
  month = dec,
  volume = {36},
  pages = {614--621},
  issn = {0044-7447},
  doi = {10.1579/0044-7447(2007)36[614:TAAHNO]2.0.CO;2},
  journal = {AMBIO: A Journal of the Human Environment},
  number = {8}
}

@article{steffen_planetary_2015,
  title = {Planetary Boundaries: {{Guiding}} Human Development on a Changing Planet},
  shorttitle = {Planetary Boundaries},
  author = {Steffen, W. and Richardson, K. and Rockstrom, J. and Cornell, S. E. and Fetzer, I. and Bennett, E. M. and Biggs, R. and Carpenter, S. R. and {de Vries}, W. and {de Wit}, C. A. and Folke, C. and Gerten, D. and Heinke, J. and Mace, G. M. and Persson, L. M. and Ramanathan, V. and Reyers, B. and Sorlin, S.},
  year = {2015},
  month = feb,
  volume = {347},
  pages = {1259855--1259855},
  issn = {0036-8075, 1095-9203},
  doi = {10.1126/science.1259855},
  journal = {Science},
  number = {6223}
}

@article{stoecker_mixotrophy_1999,
  title = {Mixotrophy among {{Dinoflagellates}}},
  author = {Stoecker, Diane K.},
  year = {1999},
  month = jul,
  volume = {46},
  pages = {397--401},
  issn = {1066-5234, 1550-7408},
  doi = {10.1111/j.1550-7408.1999.tb04619.x},
  journal = {The Journal of Eukaryotic Microbiology},
  number = {4}
}

@misc{szocs_build_2016,
  title = {Build a Local Version of the {{EPA ECOTOX}} Database},
  author = {Sz{\"o}cs, Eduard},
  year = {2016},
  month = aug
}

@misc{szocs_build_2019,
  title = {Build a Local Version of the {{EPA ECOTOX}} Database},
  author = {Sz{\"o}cs, Eduard},
  year = {2019},
  month = nov
}

@book{szocs_webchem_2015,
  title = {Webchem: Retrieve Chemical Information from the Web},
  author = {Sz{\"o}cs, Eduard},
  year = {2015}
}

@incollection{tchounwou_heavy_2012,
  title = {Heavy {{Metal Toxicity}} and the {{Environment}}},
  booktitle = {Molecular, {{Clinical}} and {{Environmental Toxicology}}},
  author = {Tchounwou, Paul B. and Yedjou, Clement G. and Patlolla, Anita K. and Sutton, Dwayne J.},
  editor = {Luch, Andreas},
  year = {2012},
  volume = {101},
  pages = {133--164},
  publisher = {{Springer Basel}},
  address = {{Basel}},
  doi = {10.1007/978-3-7643-8340-4_6},
  isbn = {978-3-7643-8339-8 978-3-7643-8340-4}
}

@book{trestletechnologyllc_plumber_2018,
  title = {Plumber: An {{API}} Generator for {{R}}},
  author = {{Trestle Technology, LLC}},
  year = {2018}
}

@misc{ufzdepartmentofecologicalchemistry_chemprop_2019,
  title = {{{ChemProp}}},
  author = {{UFZ Department of Ecological Chemistry}},
  year = {2019}
}

@misc{umweltbundesamt_etox_2019,
  title = {{{ETOX}}: {{Information System Ecotoxicology}} and {{Environmental Quality Targets}}},
  author = {Umweltbundesamt},
  year = {2019},
  month = nov,
  howpublished = {https://webetox.uba.de/webETOX}
}

@misc{usenvironmentalprotectionagency_comptox_2019a,
  title = {{{CompTox Chemistry Dash}}- Board. {{Washington}}, {{DC}}},
  author = {US Environmental Protection Agency},
  year = {2019},
  month = nov,
  howpublished = {https://comptox.epa.gov/dashboard}
}

@misc{usepa_ecotox_2019,
  title = {{{ECOTOX Knowledgebase}}},
  author = {US EPA},
  year = {2019},
  month = nov,
  howpublished = {https://cfpub.epa.gov/ecotox/}
}

@article{vandenberg_modeling_2019,
  title = {Modeling the {{Sensitivity}} of {{Aquatic Macroinvertebrates}} to {{Chemicals Using Traits}}},
  author = {{Van den Berg}, Sanne J. P. and Baveco, Hans and Butler, Emma and De Laender, Frederik and Focks, Andreas and Franco, Antonio and Rendal, Cecilie and {Van den Brink}, Paul J.},
  year = {2019},
  month = may,
  volume = {53},
  pages = {6025--6034},
  issn = {0013-936X, 1520-5851},
  doi = {10.1021/acs.est.9b00893},
  journal = {Environmental Science \& Technology},
  number = {10}
}

@article{vandersluijs_neonicotinoids_2013,
  title = {Neonicotinoids, Bee Disorders and the Sustainability of Pollinator Services},
  author = {{van der Sluijs}, Jeroen P and {Simon-Delso}, Noa and Goulson, Dave and Maxim, Laura and Bonmatin, Jean-Marc and Belzunces, Luc P},
  year = {2013},
  month = sep,
  volume = {5},
  pages = {293--305},
  issn = {18773435},
  doi = {10.1016/j.cosust.2013.05.007},
  journal = {Current Opinion in Environmental Sustainability},
  number = {3-4}
}

@article{vanleeuwen_ecotoxicological_1990,
  title = {Ecotoxicological Effects Assessment in the {{Netherlands}}: {{Recent}} Developments},
  shorttitle = {Ecotoxicological Effects Assessment in the {{Netherlands}}},
  author = {{van Leeuwen}, Kees},
  year = {1990},
  month = nov,
  volume = {14},
  pages = {779--792},
  issn = {0364-152X, 1432-1009},
  doi = {10.1007/BF02394172},
  journal = {Environmental Management},
  number = {6}
}

@article{vonderohe_new_2011,
  title = {A New Risk Assessment Approach for the Prioritization of 500 Classical and Emerging Organic Microcontaminants as Potential River Basin Specific Pollutants under the {{European Water Framework Directive}}},
  author = {{von der Ohe}, Peter Carsten and Dulio, Valeria and Slobodnik, Jaroslav and De Deckere, Eric and K{\"u}hne, Ralph and Ebert, Ralf-Uwe and Ginebreda, Antoni and De Cooman, Ward and Sch{\"u}{\"u}rmann, Gerrit and Brack, Werner},
  year = {2011},
  month = may,
  volume = {409},
  pages = {2064--2077},
  issn = {00489697},
  doi = {10.1016/j.scitotenv.2011.01.054},
  journal = {Science of The Total Environment},
  number = {11}
}

@article{vrandecic_wikidata_2014,
  title = {Wikidata: A Free Collaborative Knowledgebase},
  shorttitle = {Wikidata},
  author = {Vrande{\v c}i{\'c}, Denny and Kr{\"o}tzsch, Markus},
  year = {2014},
  month = sep,
  volume = {57},
  pages = {78--85},
  issn = {00010782},
  doi = {10.1145/2629489},
  journal = {Communications of the ACM},
  number = {10}
}

@book{walker_openxlsx_2018,
  title = {Openxlsx: {{Read}}, {{Write}} and {{Edit XLSX Files}}},
  author = {Walker, Alexander},
  year = {2018}
}

@book{wickham_feather_2016,
  title = {Feather: {{R Bindings}} to the {{Feather}} '{{API}}'},
  author = {Wickham, Hadley},
  year = {2016}
}

@book{wickham_ggplot2_2016,
  title = {Ggplot2: {{Elegant Graphics}} for {{Data Analysis}}},
  author = {Wickham, Hadley},
  year = {2016},
  publisher = {{Springer-Verlag New York}},
  isbn = {978-3-319-24277-4}
}

@book{wickham_httr_2017,
  title = {Httr: {{Tools}} for {{Working}} with {{URLs}} and {{HTTP}}},
  author = {Wickham, Hadley},
  year = {2017}
}

@book{wickham_readxl_2018,
  title = {Readxl: {{Read Excel Files}}},
  author = {Wickham, Hadley and Bryan, Jennifer},
  year = {2018}
}

@book{wickham_rvest_2016,
  title = {Rvest: {{Easily Harvest}} ({{Scrape}}) {{Web Pages}}},
  author = {Wickham, Hadley},
  year = {2016}
}

@article{wickham_splitapplycombine_2011,
  title = {The {{Split}}-{{Apply}}-{{Combine Strategy}} for {{Data Analysis}}},
  author = {Wickham, Hadley},
  year = {2011},
  volume = {40},
  pages = {1--29},
  journal = {Journal of Statistical Software},
  number = {1}
}

@book{wickham_stringr_2018,
  title = {Stringr: {{Simple}}, {{Consistent Wrappers}} for {{Common String Operations}}},
  author = {Wickham, Hadley},
  year = {2018}
}

@book{wilke_cowplot_2018,
  title = {Cowplot: {{Streamlined Plot Theme}} and {{Plot Annotations}} for 'Ggplot2'},
  author = {Wilke, Claus O.},
  year = {2018}
}

@article{williams_comptox_2017,
  title = {The {{CompTox Chemistry Dashboard}}: A Community Data Resource for Environmental Chemistry},
  shorttitle = {The {{CompTox Chemistry Dashboard}}},
  author = {Williams, Antony J. and Grulke, Christopher M. and Edwards, Jeff and McEachran, Andrew D. and Mansouri, Kamel and Baker, Nancy C. and Patlewicz, Grace and Shah, Imran and Wambaugh, John F. and Judson, Richard S. and Richard, Ann M.},
  year = {2017},
  month = dec,
  volume = {9},
  pages = {61},
  issn = {1758-2946},
  doi = {10.1186/s13321-017-0247-6},
  journal = {Journal of Cheminformatics},
  number = {1}
}

@article{wiswesser_107_1968,
  title = {107 {{Years}} of {{Line}}-{{Formula Notations}} (1861-1968)},
  author = {Wiswesser, William J.},
  year = {1968},
  month = aug,
  volume = {8},
  pages = {146--150},
  issn = {0021-9576, 1541-5732},
  doi = {10.1021/c160030a007},
  journal = {Journal of Chemical Documentation},
  number = {3}
}

@misc{wood_compendium_2019,
  title = {Compendium of {{Pesticide Common Names}}},
  author = {Wood, Alan},
  year = {2019},
  howpublished = {http://www.alanwood.net/pesticides/}
}

@book{wormseditorialboard_world_2018,
  title = {World {{Register}} of {{Marine Species}} ({{WoRMS}})},
  author = {WoRMS Editorial Board},
  year = {2018},
  month = sep,
  publisher = {{WoRMS Editorial Board}}
}

@article{yamamuro_neonicotinoids_2019,
  title = {Neonicotinoids Disrupt Aquatic Food Webs and Decrease Fishery Yields},
  author = {Yamamuro, Masumi and Komuro, Takashi and Kamiya, Hiroshi and Kato, Toshikuni and Hasegawa, Hitomi and Kameda, Yutaka},
  year = {2019},
  month = nov,
  volume = {366},
  pages = {620--623},
  issn = {0036-8075, 1095-9203},
  doi = {10.1126/science.aax3442},
  journal = {Science},
  number = {6465}
}

@article{zhang_robustsymmetric_1996,
  title = {A Robust-Symmetric Mean: {{A}} New Way of Mean Calculation for Environmental Data},
  shorttitle = {A Robust-Symmetric Mean},
  author = {Zhang, Chaosheng and Zhang, Shen},
  year = {1996},
  month = oct,
  volume = {40},
  issn = {0343-2521, 1572-9893},
  doi = {10.1007/BF00222547},
  journal = {GeoJournal},
  number = {1-2}
}


