@Manual{,
  title = {data.table: Extension of `data.frame`},
  author = {Matt Dowle and Arun Srinivasan},
  year = {2019},
  note = {R package version 1.12.0},
  url = {https://CRAN.R-project.org/package=data.table},
}
@Manual{,
  title = {feather: R Bindings to the Feather 'API'},
  author = {Hadley Wickham},
  year = {2016},
  note = {R package version 0.3.1},
  url = {https://CRAN.R-project.org/package=feather},
}
@Manual{,
  title = {shiny: Web Application Framework for R},
  author = {Winston Chang and Joe Cheng and JJ Allaire and Yihui Xie and Jonathan McPherson},
  year = {2018},
  note = {R package version 1.1.0},
  url = {https://CRAN.R-project.org/package=shiny},
}
@Manual{,
  title = {shinyjs: Easily Improve the User Experience of Your Shiny Apps in Seconds},
  author = {Dean Attali},
  year = {2018},
  note = {R package version 1.0},
  url = {https://CRAN.R-project.org/package=shinyjs},
}
@Manual{,
  title = {shinyWidgets: Custom Inputs Widgets for Shiny},
  author = {Victor Perrier and Fanny Meyer and David Granjon},
  year = {2018},
  note = {R package version 0.4.4},
  url = {https://CRAN.R-project.org/package=shinyWidgets},
}
@Manual{,
  title = {shinydashboard: Create Dashboards with 'Shiny'},
  author = {Winston Chang and Barbara {Borges Ribeiro}},
  year = {2018},
  note = {R package version 0.7.1},
  url = {https://CRAN.R-project.org/package=shinydashboard},
}
@Manual{,
  title = {shinydashboardPlus: Add some 'AdminLTE2' Components to 'shinydashboard'},
  author = {David Granjon},
  year = {2018},
  note = {R package version 0.6.0},
  url = {https://CRAN.R-project.org/package=shinydashboardPlus},
}
@Manual{,
  title = {knitr: A General-Purpose Package for Dynamic Report Generation in R},
  author = {Yihui Xie},
  year = {2018},
  note = {R package version 1.20},
  url = {https://yihui.name/knitr/},
}

@Book{,
  title = {Dynamic Documents with {R} and knitr},
  author = {Yihui Xie},
  publisher = {Chapman and Hall/CRC},
  address = {Boca Raton, Florida},
  year = {2015},
  edition = {2nd},
  note = {ISBN 978-1498716963},
  url = {https://yihui.name/knitr/},
}

@InCollection{,
  booktitle = {Implementing Reproducible Computational Research},
  editor = {Victoria Stodden and Friedrich Leisch and Roger D. Peng},
  title = {knitr: A Comprehensive Tool for Reproducible Research in {R}},
  author = {Yihui Xie},
  publisher = {Chapman and Hall/CRC},
  year = {2014},
  note = {ISBN 978-1466561595},
  url = {http://www.crcpress.com/product/isbn/9781466561595},
}
@Manual{,
  title = {DT: A Wrapper of the JavaScript Library 'DataTables'},
  author = {Yihui Xie},
  year = {2018},
  note = {R package version 0.4},
  url = {https://CRAN.R-project.org/package=DT},
}
@Manual{,
  title = {plotly for R},
  author = {Carson Sievert},
  year = {2018},
  url = {https://plotly-book.cpsievert.me},
}
@Manual{,
  title = {ssdtools: Species Sensitivity Distributions},
  author = {Joe Thorley and Carl Schwarz},
  year = {2018},
  note = {R package version 0.0.3},
  url = {https://CRAN.R-project.org/package=ssdtools},
}
@Manual{,
  title = {data.table: Extension of `data.frame`},
  author = {Matt Dowle and Arun Srinivasan},
  year = {2019},
  note = {R package version 1.12.0},
  url = {https://CRAN.R-project.org/package=data.table},
}
@Manual{,
  title = {feather: R Bindings to the Feather 'API'},
  author = {Hadley Wickham},
  year = {2016},
  note = {R package version 0.3.1},
  url = {https://CRAN.R-project.org/package=feather},
}
@Manual{,
  title = {shiny: Web Application Framework for R},
  author = {Winston Chang and Joe Cheng and JJ Allaire and Yihui Xie and Jonathan McPherson},
  year = {2018},
  note = {R package version 1.1.0},
  url = {https://CRAN.R-project.org/package=shiny},
}
@Manual{,
  title = {shinyjs: Easily Improve the User Experience of Your Shiny Apps in Seconds},
  author = {Dean Attali},
  year = {2018},
  note = {R package version 1.0},
  url = {https://CRAN.R-project.org/package=shinyjs},
}
@Manual{,
  title = {shinyWidgets: Custom Inputs Widgets for Shiny},
  author = {Victor Perrier and Fanny Meyer and David Granjon},
  year = {2018},
  note = {R package version 0.4.4},
  url = {https://CRAN.R-project.org/package=shinyWidgets},
}
@Manual{,
  title = {shinydashboard: Create Dashboards with 'Shiny'},
  author = {Winston Chang and Barbara {Borges Ribeiro}},
  year = {2018},
  note = {R package version 0.7.1},
  url = {https://CRAN.R-project.org/package=shinydashboard},
}
@Manual{,
  title = {shinydashboardPlus: Add some 'AdminLTE2' Components to 'shinydashboard'},
  author = {David Granjon},
  year = {2018},
  note = {R package version 0.6.0},
  url = {https://CRAN.R-project.org/package=shinydashboardPlus},
}
@Manual{,
  title = {knitr: A General-Purpose Package for Dynamic Report Generation in R},
  author = {Yihui Xie},
  year = {2018},
  note = {R package version 1.20},
  url = {https://yihui.name/knitr/},
}

@Book{,
  title = {Dynamic Documents with {R} and knitr},
  author = {Yihui Xie},
  publisher = {Chapman and Hall/CRC},
  address = {Boca Raton, Florida},
  year = {2015},
  edition = {2nd},
  note = {ISBN 978-1498716963},
  url = {https://yihui.name/knitr/},
}

@InCollection{,
  booktitle = {Implementing Reproducible Computational Research},
  editor = {Victoria Stodden and Friedrich Leisch and Roger D. Peng},
  title = {knitr: A Comprehensive Tool for Reproducible Research in {R}},
  author = {Yihui Xie},
  publisher = {Chapman and Hall/CRC},
  year = {2014},
  note = {ISBN 978-1466561595},
  url = {http://www.crcpress.com/product/isbn/9781466561595},
}
@Manual{,
  title = {DT: A Wrapper of the JavaScript Library 'DataTables'},
  author = {Yihui Xie},
  year = {2018},
  note = {R package version 0.4},
  url = {https://CRAN.R-project.org/package=DT},
}
@Manual{,
  title = {plotly for R},
  author = {Carson Sievert},
  year = {2018},
  url = {https://plotly-book.cpsievert.me},
}
@Manual{,
  title = {ssdtools: Species Sensitivity Distributions},
  author = {Joe Thorley and Carl Schwarz},
  year = {2018},
  note = {R package version 0.0.3},
  url = {https://CRAN.R-project.org/package=ssdtools},
}
@Manual{,
  title = {data.table: Extension of `data.frame`},
  author = {Matt Dowle and Arun Srinivasan},
  year = {2019},
  note = {R package version 1.12.0},
  url = {https://CRAN.R-project.org/package=data.table},
}
@Manual{,
  title = {feather: R Bindings to the Feather 'API'},
  author = {Hadley Wickham},
  year = {2016},
  note = {R package version 0.3.1},
  url = {https://CRAN.R-project.org/package=feather},
}
@Manual{,
  title = {shiny: Web Application Framework for R},
  author = {Winston Chang and Joe Cheng and JJ Allaire and Yihui Xie and Jonathan McPherson},
  year = {2018},
  note = {R package version 1.1.0},
  url = {https://CRAN.R-project.org/package=shiny},
}
@Manual{,
  title = {shinyjs: Easily Improve the User Experience of Your Shiny Apps in Seconds},
  author = {Dean Attali},
  year = {2018},
  note = {R package version 1.0},
  url = {https://CRAN.R-project.org/package=shinyjs},
}
@Manual{,
  title = {shinyWidgets: Custom Inputs Widgets for Shiny},
  author = {Victor Perrier and Fanny Meyer and David Granjon},
  year = {2018},
  note = {R package version 0.4.4},
  url = {https://CRAN.R-project.org/package=shinyWidgets},
}
@Manual{,
  title = {shinydashboard: Create Dashboards with 'Shiny'},
  author = {Winston Chang and Barbara {Borges Ribeiro}},
  year = {2018},
  note = {R package version 0.7.1},
  url = {https://CRAN.R-project.org/package=shinydashboard},
}
@Manual{,
  title = {shinydashboardPlus: Add some 'AdminLTE2' Components to 'shinydashboard'},
  author = {David Granjon},
  year = {2018},
  note = {R package version 0.6.0},
  url = {https://CRAN.R-project.org/package=shinydashboardPlus},
}
@Manual{,
  title = {knitr: A General-Purpose Package for Dynamic Report Generation in R},
  author = {Yihui Xie},
  year = {2018},
  note = {R package version 1.20},
  url = {https://yihui.name/knitr/},
}

@Book{,
  title = {Dynamic Documents with {R} and knitr},
  author = {Yihui Xie},
  publisher = {Chapman and Hall/CRC},
  address = {Boca Raton, Florida},
  year = {2015},
  edition = {2nd},
  note = {ISBN 978-1498716963},
  url = {https://yihui.name/knitr/},
}

@InCollection{,
  booktitle = {Implementing Reproducible Computational Research},
  editor = {Victoria Stodden and Friedrich Leisch and Roger D. Peng},
  title = {knitr: A Comprehensive Tool for Reproducible Research in {R}},
  author = {Yihui Xie},
  publisher = {Chapman and Hall/CRC},
  year = {2014},
  note = {ISBN 978-1466561595},
  url = {http://www.crcpress.com/product/isbn/9781466561595},
}
@Manual{,
  title = {DT: A Wrapper of the JavaScript Library 'DataTables'},
  author = {Yihui Xie},
  year = {2018},
  note = {R package version 0.4},
  url = {https://CRAN.R-project.org/package=DT},
}
@Manual{,
  title = {plotly for R},
  author = {Carson Sievert},
  year = {2018},
  url = {https://plotly-book.cpsievert.me},
}
@Manual{,
  title = {ssdtools: Species Sensitivity Distributions},
  author = {Joe Thorley and Carl Schwarz},
  year = {2018},
  note = {R package version 0.0.3},
  url = {https://CRAN.R-project.org/package=ssdtools},
}
@Manual{,
  title = {data.table: Extension of `data.frame`},
  author = {Matt Dowle and Arun Srinivasan},
  year = {2019},
  note = {R package version 1.12.0},
  url = {https://CRAN.R-project.org/package=data.table},
}
@Manual{,
  title = {feather: R Bindings to the Feather 'API'},
  author = {Hadley Wickham},
  year = {2016},
  note = {R package version 0.3.1},
  url = {https://CRAN.R-project.org/package=feather},
}
@Manual{,
  title = {shiny: Web Application Framework for R},
  author = {Winston Chang and Joe Cheng and JJ Allaire and Yihui Xie and Jonathan McPherson},
  year = {2018},
  note = {R package version 1.1.0},
  url = {https://CRAN.R-project.org/package=shiny},
}
@Manual{,
  title = {shinyjs: Easily Improve the User Experience of Your Shiny Apps in Seconds},
  author = {Dean Attali},
  year = {2018},
  note = {R package version 1.0},
  url = {https://CRAN.R-project.org/package=shinyjs},
}
@Manual{,
  title = {shinyWidgets: Custom Inputs Widgets for Shiny},
  author = {Victor Perrier and Fanny Meyer and David Granjon},
  year = {2018},
  note = {R package version 0.4.4},
  url = {https://CRAN.R-project.org/package=shinyWidgets},
}
@Manual{,
  title = {shinydashboard: Create Dashboards with 'Shiny'},
  author = {Winston Chang and Barbara {Borges Ribeiro}},
  year = {2018},
  note = {R package version 0.7.1},
  url = {https://CRAN.R-project.org/package=shinydashboard},
}
@Manual{,
  title = {shinydashboardPlus: Add some 'AdminLTE2' Components to 'shinydashboard'},
  author = {David Granjon},
  year = {2018},
  note = {R package version 0.6.0},
  url = {https://CRAN.R-project.org/package=shinydashboardPlus},
}
@Manual{,
  title = {knitr: A General-Purpose Package for Dynamic Report Generation in R},
  author = {Yihui Xie},
  year = {2018},
  note = {R package version 1.20},
  url = {https://yihui.name/knitr/},
}

@Book{,
  title = {Dynamic Documents with {R} and knitr},
  author = {Yihui Xie},
  publisher = {Chapman and Hall/CRC},
  address = {Boca Raton, Florida},
  year = {2015},
  edition = {2nd},
  note = {ISBN 978-1498716963},
  url = {https://yihui.name/knitr/},
}

@InCollection{,
  booktitle = {Implementing Reproducible Computational Research},
  editor = {Victoria Stodden and Friedrich Leisch and Roger D. Peng},
  title = {knitr: A Comprehensive Tool for Reproducible Research in {R}},
  author = {Yihui Xie},
  publisher = {Chapman and Hall/CRC},
  year = {2014},
  note = {ISBN 978-1466561595},
  url = {http://www.crcpress.com/product/isbn/9781466561595},
}
@Manual{,
  title = {DT: A Wrapper of the JavaScript Library 'DataTables'},
  author = {Yihui Xie},
  year = {2018},
  note = {R package version 0.4},
  url = {https://CRAN.R-project.org/package=DT},
}
@Manual{,
  title = {plotly for R},
  author = {Carson Sievert},
  year = {2018},
  url = {https://plotly-book.cpsievert.me},
}
@Manual{,
  title = {ssdtools: Species Sensitivity Distributions},
  author = {Joe Thorley and Carl Schwarz},
  year = {2018},
  note = {R package version 0.0.3},
  url = {https://CRAN.R-project.org/package=ssdtools},
}
@Manual{,
  title = {data.table: Extension of `data.frame`},
  author = {Matt Dowle and Arun Srinivasan},
  year = {2019},
  note = {R package version 1.12.0},
  url = {https://CRAN.R-project.org/package=data.table},
}
@Manual{,
  title = {feather: R Bindings to the Feather 'API'},
  author = {Hadley Wickham},
  year = {2016},
  note = {R package version 0.3.1},
  url = {https://CRAN.R-project.org/package=feather},
}
@Manual{,
  title = {shiny: Web Application Framework for R},
  author = {Winston Chang and Joe Cheng and JJ Allaire and Yihui Xie and Jonathan McPherson},
  year = {2018},
  note = {R package version 1.1.0},
  url = {https://CRAN.R-project.org/package=shiny},
}
@Manual{,
  title = {shinyjs: Easily Improve the User Experience of Your Shiny Apps in Seconds},
  author = {Dean Attali},
  year = {2018},
  note = {R package version 1.0},
  url = {https://CRAN.R-project.org/package=shinyjs},
}
@Manual{,
  title = {shinyWidgets: Custom Inputs Widgets for Shiny},
  author = {Victor Perrier and Fanny Meyer and David Granjon},
  year = {2018},
  note = {R package version 0.4.4},
  url = {https://CRAN.R-project.org/package=shinyWidgets},
}
@Manual{,
  title = {shinydashboard: Create Dashboards with 'Shiny'},
  author = {Winston Chang and Barbara {Borges Ribeiro}},
  year = {2018},
  note = {R package version 0.7.1},
  url = {https://CRAN.R-project.org/package=shinydashboard},
}
@Manual{,
  title = {shinydashboardPlus: Add some 'AdminLTE2' Components to 'shinydashboard'},
  author = {David Granjon},
  year = {2018},
  note = {R package version 0.6.0},
  url = {https://CRAN.R-project.org/package=shinydashboardPlus},
}
@Manual{,
  title = {knitr: A General-Purpose Package for Dynamic Report Generation in R},
  author = {Yihui Xie},
  year = {2018},
  note = {R package version 1.20},
  url = {https://yihui.name/knitr/},
}

@Book{,
  title = {Dynamic Documents with {R} and knitr},
  author = {Yihui Xie},
  publisher = {Chapman and Hall/CRC},
  address = {Boca Raton, Florida},
  year = {2015},
  edition = {2nd},
  note = {ISBN 978-1498716963},
  url = {https://yihui.name/knitr/},
}

@InCollection{,
  booktitle = {Implementing Reproducible Computational Research},
  editor = {Victoria Stodden and Friedrich Leisch and Roger D. Peng},
  title = {knitr: A Comprehensive Tool for Reproducible Research in {R}},
  author = {Yihui Xie},
  publisher = {Chapman and Hall/CRC},
  year = {2014},
  note = {ISBN 978-1466561595},
  url = {http://www.crcpress.com/product/isbn/9781466561595},
}
@Manual{,
  title = {DT: A Wrapper of the JavaScript Library 'DataTables'},
  author = {Yihui Xie},
  year = {2018},
  note = {R package version 0.4},
  url = {https://CRAN.R-project.org/package=DT},
}
@Manual{,
  title = {plotly for R},
  author = {Carson Sievert},
  year = {2018},
  url = {https://plotly-book.cpsievert.me},
}
@Manual{,
  title = {ssdtools: Species Sensitivity Distributions},
  author = {Joe Thorley and Carl Schwarz},
  year = {2018},
  note = {R package version 0.0.3},
  url = {https://CRAN.R-project.org/package=ssdtools},
}
@Manual{,
  title = {data.table: Extension of `data.frame`},
  author = {Matt Dowle and Arun Srinivasan},
  year = {2019},
  note = {R package version 1.12.0},
  url = {https://CRAN.R-project.org/package=data.table},
}
@Manual{,
  title = {feather: R Bindings to the Feather 'API'},
  author = {Hadley Wickham},
  year = {2016},
  note = {R package version 0.3.1},
  url = {https://CRAN.R-project.org/package=feather},
}
@Manual{,
  title = {shiny: Web Application Framework for R},
  author = {Winston Chang and Joe Cheng and JJ Allaire and Yihui Xie and Jonathan McPherson},
  year = {2018},
  note = {R package version 1.1.0},
  url = {https://CRAN.R-project.org/package=shiny},
}
@Manual{,
  title = {shinyjs: Easily Improve the User Experience of Your Shiny Apps in Seconds},
  author = {Dean Attali},
  year = {2018},
  note = {R package version 1.0},
  url = {https://CRAN.R-project.org/package=shinyjs},
}
@Manual{,
  title = {shinyWidgets: Custom Inputs Widgets for Shiny},
  author = {Victor Perrier and Fanny Meyer and David Granjon},
  year = {2018},
  note = {R package version 0.4.4},
  url = {https://CRAN.R-project.org/package=shinyWidgets},
}
@Manual{,
  title = {shinydashboard: Create Dashboards with 'Shiny'},
  author = {Winston Chang and Barbara {Borges Ribeiro}},
  year = {2018},
  note = {R package version 0.7.1},
  url = {https://CRAN.R-project.org/package=shinydashboard},
}
@Manual{,
  title = {shinydashboardPlus: Add some 'AdminLTE2' Components to 'shinydashboard'},
  author = {David Granjon},
  year = {2018},
  note = {R package version 0.6.0},
  url = {https://CRAN.R-project.org/package=shinydashboardPlus},
}
@Manual{,
  title = {knitr: A General-Purpose Package for Dynamic Report Generation in R},
  author = {Yihui Xie},
  year = {2018},
  note = {R package version 1.20},
  url = {https://yihui.name/knitr/},
}

@Book{,
  title = {Dynamic Documents with {R} and knitr},
  author = {Yihui Xie},
  publisher = {Chapman and Hall/CRC},
  address = {Boca Raton, Florida},
  year = {2015},
  edition = {2nd},
  note = {ISBN 978-1498716963},
  url = {https://yihui.name/knitr/},
}

@InCollection{,
  booktitle = {Implementing Reproducible Computational Research},
  editor = {Victoria Stodden and Friedrich Leisch and Roger D. Peng},
  title = {knitr: A Comprehensive Tool for Reproducible Research in {R}},
  author = {Yihui Xie},
  publisher = {Chapman and Hall/CRC},
  year = {2014},
  note = {ISBN 978-1466561595},
  url = {http://www.crcpress.com/product/isbn/9781466561595},
}
@Manual{,
  title = {DT: A Wrapper of the JavaScript Library 'DataTables'},
  author = {Yihui Xie},
  year = {2018},
  note = {R package version 0.4},
  url = {https://CRAN.R-project.org/package=DT},
}
@Manual{,
  title = {plotly for R},
  author = {Carson Sievert},
  year = {2018},
  url = {https://plotly-book.cpsievert.me},
}
@Manual{,
  title = {ssdtools: Species Sensitivity Distributions},
  author = {Joe Thorley and Carl Schwarz},
  year = {2018},
  note = {R package version 0.0.3},
  url = {https://CRAN.R-project.org/package=ssdtools},
}
@Manual{,
  title = {data.table: Extension of `data.frame`},
  author = {Matt Dowle and Arun Srinivasan},
  year = {2019},
  note = {R package version 1.12.0},
  url = {https://CRAN.R-project.org/package=data.table},
}
@Manual{,
  title = {feather: R Bindings to the Feather 'API'},
  author = {Hadley Wickham},
  year = {2016},
  note = {R package version 0.3.1},
  url = {https://CRAN.R-project.org/package=feather},
}
@Manual{,
  title = {shiny: Web Application Framework for R},
  author = {Winston Chang and Joe Cheng and JJ Allaire and Yihui Xie and Jonathan McPherson},
  year = {2018},
  note = {R package version 1.1.0},
  url = {https://CRAN.R-project.org/package=shiny},
}
@Manual{,
  title = {shinyjs: Easily Improve the User Experience of Your Shiny Apps in Seconds},
  author = {Dean Attali},
  year = {2018},
  note = {R package version 1.0},
  url = {https://CRAN.R-project.org/package=shinyjs},
}
@Manual{,
  title = {shinyWidgets: Custom Inputs Widgets for Shiny},
  author = {Victor Perrier and Fanny Meyer and David Granjon},
  year = {2018},
  note = {R package version 0.4.4},
  url = {https://CRAN.R-project.org/package=shinyWidgets},
}
@Manual{,
  title = {shinydashboard: Create Dashboards with 'Shiny'},
  author = {Winston Chang and Barbara {Borges Ribeiro}},
  year = {2018},
  note = {R package version 0.7.1},
  url = {https://CRAN.R-project.org/package=shinydashboard},
}
@Manual{,
  title = {shinydashboardPlus: Add some 'AdminLTE2' Components to 'shinydashboard'},
  author = {David Granjon},
  year = {2018},
  note = {R package version 0.6.0},
  url = {https://CRAN.R-project.org/package=shinydashboardPlus},
}
@Manual{,
  title = {knitr: A General-Purpose Package for Dynamic Report Generation in R},
  author = {Yihui Xie},
  year = {2018},
  note = {R package version 1.20},
  url = {https://yihui.name/knitr/},
}

@Book{,
  title = {Dynamic Documents with {R} and knitr},
  author = {Yihui Xie},
  publisher = {Chapman and Hall/CRC},
  address = {Boca Raton, Florida},
  year = {2015},
  edition = {2nd},
  note = {ISBN 978-1498716963},
  url = {https://yihui.name/knitr/},
}

@InCollection{,
  booktitle = {Implementing Reproducible Computational Research},
  editor = {Victoria Stodden and Friedrich Leisch and Roger D. Peng},
  title = {knitr: A Comprehensive Tool for Reproducible Research in {R}},
  author = {Yihui Xie},
  publisher = {Chapman and Hall/CRC},
  year = {2014},
  note = {ISBN 978-1466561595},
  url = {http://www.crcpress.com/product/isbn/9781466561595},
}
@Manual{,
  title = {DT: A Wrapper of the JavaScript Library 'DataTables'},
  author = {Yihui Xie},
  year = {2018},
  note = {R package version 0.4},
  url = {https://CRAN.R-project.org/package=DT},
}
@Manual{,
  title = {plotly for R},
  author = {Carson Sievert},
  year = {2018},
  url = {https://plotly-book.cpsievert.me},
}
@Manual{,
  title = {ssdtools: Species Sensitivity Distributions},
  author = {Joe Thorley and Carl Schwarz},
  year = {2018},
  note = {R package version 0.0.3},
  url = {https://CRAN.R-project.org/package=ssdtools},
}
@Manual{,
  title = {data.table: Extension of `data.frame`},
  author = {Matt Dowle and Arun Srinivasan},
  year = {2019},
  note = {R package version 1.12.0},
  url = {https://CRAN.R-project.org/package=data.table},
}
@Manual{,
  title = {feather: R Bindings to the Feather 'API'},
  author = {Hadley Wickham},
  year = {2016},
  note = {R package version 0.3.1},
  url = {https://CRAN.R-project.org/package=feather},
}
@Manual{,
  title = {shiny: Web Application Framework for R},
  author = {Winston Chang and Joe Cheng and JJ Allaire and Yihui Xie and Jonathan McPherson},
  year = {2018},
  note = {R package version 1.1.0},
  url = {https://CRAN.R-project.org/package=shiny},
}
@Manual{,
  title = {shinyjs: Easily Improve the User Experience of Your Shiny Apps in Seconds},
  author = {Dean Attali},
  year = {2018},
  note = {R package version 1.0},
  url = {https://CRAN.R-project.org/package=shinyjs},
}
@Manual{,
  title = {shinyWidgets: Custom Inputs Widgets for Shiny},
  author = {Victor Perrier and Fanny Meyer and David Granjon},
  year = {2018},
  note = {R package version 0.4.4},
  url = {https://CRAN.R-project.org/package=shinyWidgets},
}
@Manual{,
  title = {shinydashboard: Create Dashboards with 'Shiny'},
  author = {Winston Chang and Barbara {Borges Ribeiro}},
  year = {2018},
  note = {R package version 0.7.1},
  url = {https://CRAN.R-project.org/package=shinydashboard},
}
@Manual{,
  title = {shinydashboardPlus: Add some 'AdminLTE2' Components to 'shinydashboard'},
  author = {David Granjon},
  year = {2018},
  note = {R package version 0.6.0},
  url = {https://CRAN.R-project.org/package=shinydashboardPlus},
}
@Manual{,
  title = {knitr: A General-Purpose Package for Dynamic Report Generation in R},
  author = {Yihui Xie},
  year = {2018},
  note = {R package version 1.20},
  url = {https://yihui.name/knitr/},
}

@Book{,
  title = {Dynamic Documents with {R} and knitr},
  author = {Yihui Xie},
  publisher = {Chapman and Hall/CRC},
  address = {Boca Raton, Florida},
  year = {2015},
  edition = {2nd},
  note = {ISBN 978-1498716963},
  url = {https://yihui.name/knitr/},
}

@InCollection{,
  booktitle = {Implementing Reproducible Computational Research},
  editor = {Victoria Stodden and Friedrich Leisch and Roger D. Peng},
  title = {knitr: A Comprehensive Tool for Reproducible Research in {R}},
  author = {Yihui Xie},
  publisher = {Chapman and Hall/CRC},
  year = {2014},
  note = {ISBN 978-1466561595},
  url = {http://www.crcpress.com/product/isbn/9781466561595},
}
@Manual{,
  title = {DT: A Wrapper of the JavaScript Library 'DataTables'},
  author = {Yihui Xie},
  year = {2018},
  note = {R package version 0.4},
  url = {https://CRAN.R-project.org/package=DT},
}
@Manual{,
  title = {plotly for R},
  author = {Carson Sievert},
  year = {2018},
  url = {https://plotly-book.cpsievert.me},
}
@Manual{,
  title = {ssdtools: Species Sensitivity Distributions},
  author = {Joe Thorley and Carl Schwarz},
  year = {2018},
  note = {R package version 0.0.3},
  url = {https://CRAN.R-project.org/package=ssdtools},
}
@Manual{,
  title = {data.table: Extension of `data.frame`},
  author = {Matt Dowle and Arun Srinivasan},
  year = {2019},
  note = {R package version 1.12.0},
  url = {https://CRAN.R-project.org/package=data.table},
}
@Manual{,
  title = {feather: R Bindings to the Feather 'API'},
  author = {Hadley Wickham},
  year = {2016},
  note = {R package version 0.3.1},
  url = {https://CRAN.R-project.org/package=feather},
}
@Manual{,
  title = {shiny: Web Application Framework for R},
  author = {Winston Chang and Joe Cheng and JJ Allaire and Yihui Xie and Jonathan McPherson},
  year = {2018},
  note = {R package version 1.1.0},
  url = {https://CRAN.R-project.org/package=shiny},
}
@Manual{,
  title = {shinyjs: Easily Improve the User Experience of Your Shiny Apps in Seconds},
  author = {Dean Attali},
  year = {2018},
  note = {R package version 1.0},
  url = {https://CRAN.R-project.org/package=shinyjs},
}
@Manual{,
  title = {shinyWidgets: Custom Inputs Widgets for Shiny},
  author = {Victor Perrier and Fanny Meyer and David Granjon},
  year = {2018},
  note = {R package version 0.4.4},
  url = {https://CRAN.R-project.org/package=shinyWidgets},
}
@Manual{,
  title = {shinydashboard: Create Dashboards with 'Shiny'},
  author = {Winston Chang and Barbara {Borges Ribeiro}},
  year = {2018},
  note = {R package version 0.7.1},
  url = {https://CRAN.R-project.org/package=shinydashboard},
}
@Manual{,
  title = {shinydashboardPlus: Add some 'AdminLTE2' Components to 'shinydashboard'},
  author = {David Granjon},
  year = {2018},
  note = {R package version 0.6.0},
  url = {https://CRAN.R-project.org/package=shinydashboardPlus},
}
@Manual{,
  title = {knitr: A General-Purpose Package for Dynamic Report Generation in R},
  author = {Yihui Xie},
  year = {2018},
  note = {R package version 1.20},
  url = {https://yihui.name/knitr/},
}

@Book{,
  title = {Dynamic Documents with {R} and knitr},
  author = {Yihui Xie},
  publisher = {Chapman and Hall/CRC},
  address = {Boca Raton, Florida},
  year = {2015},
  edition = {2nd},
  note = {ISBN 978-1498716963},
  url = {https://yihui.name/knitr/},
}

@InCollection{,
  booktitle = {Implementing Reproducible Computational Research},
  editor = {Victoria Stodden and Friedrich Leisch and Roger D. Peng},
  title = {knitr: A Comprehensive Tool for Reproducible Research in {R}},
  author = {Yihui Xie},
  publisher = {Chapman and Hall/CRC},
  year = {2014},
  note = {ISBN 978-1466561595},
  url = {http://www.crcpress.com/product/isbn/9781466561595},
}
@Manual{,
  title = {DT: A Wrapper of the JavaScript Library 'DataTables'},
  author = {Yihui Xie},
  year = {2018},
  note = {R package version 0.4},
  url = {https://CRAN.R-project.org/package=DT},
}
@Manual{,
  title = {plotly for R},
  author = {Carson Sievert},
  year = {2018},
  url = {https://plotly-book.cpsievert.me},
}
@Manual{,
  title = {ssdtools: Species Sensitivity Distributions},
  author = {Joe Thorley and Carl Schwarz},
  year = {2018},
  note = {R package version 0.0.3},
  url = {https://CRAN.R-project.org/package=ssdtools},
}
@Manual{,
  title = {data.table: Extension of `data.frame`},
  author = {Matt Dowle and Arun Srinivasan},
  year = {2019},
  note = {R package version 1.12.0},
  url = {https://CRAN.R-project.org/package=data.table},
}
@Manual{,
  title = {feather: R Bindings to the Feather 'API'},
  author = {Hadley Wickham},
  year = {2016},
  note = {R package version 0.3.1},
  url = {https://CRAN.R-project.org/package=feather},
}
@Manual{,
  title = {shiny: Web Application Framework for R},
  author = {Winston Chang and Joe Cheng and JJ Allaire and Yihui Xie and Jonathan McPherson},
  year = {2018},
  note = {R package version 1.1.0},
  url = {https://CRAN.R-project.org/package=shiny},
}
@Manual{,
  title = {shinyjs: Easily Improve the User Experience of Your Shiny Apps in Seconds},
  author = {Dean Attali},
  year = {2018},
  note = {R package version 1.0},
  url = {https://CRAN.R-project.org/package=shinyjs},
}
@Manual{,
  title = {shinyWidgets: Custom Inputs Widgets for Shiny},
  author = {Victor Perrier and Fanny Meyer and David Granjon},
  year = {2018},
  note = {R package version 0.4.4},
  url = {https://CRAN.R-project.org/package=shinyWidgets},
}
@Manual{,
  title = {shinydashboard: Create Dashboards with 'Shiny'},
  author = {Winston Chang and Barbara {Borges Ribeiro}},
  year = {2018},
  note = {R package version 0.7.1},
  url = {https://CRAN.R-project.org/package=shinydashboard},
}
@Manual{,
  title = {shinydashboardPlus: Add some 'AdminLTE2' Components to 'shinydashboard'},
  author = {David Granjon},
  year = {2018},
  note = {R package version 0.6.0},
  url = {https://CRAN.R-project.org/package=shinydashboardPlus},
}
@Manual{,
  title = {knitr: A General-Purpose Package for Dynamic Report Generation in R},
  author = {Yihui Xie},
  year = {2018},
  note = {R package version 1.20},
  url = {https://yihui.name/knitr/},
}

@Book{,
  title = {Dynamic Documents with {R} and knitr},
  author = {Yihui Xie},
  publisher = {Chapman and Hall/CRC},
  address = {Boca Raton, Florida},
  year = {2015},
  edition = {2nd},
  note = {ISBN 978-1498716963},
  url = {https://yihui.name/knitr/},
}

@InCollection{,
  booktitle = {Implementing Reproducible Computational Research},
  editor = {Victoria Stodden and Friedrich Leisch and Roger D. Peng},
  title = {knitr: A Comprehensive Tool for Reproducible Research in {R}},
  author = {Yihui Xie},
  publisher = {Chapman and Hall/CRC},
  year = {2014},
  note = {ISBN 978-1466561595},
  url = {http://www.crcpress.com/product/isbn/9781466561595},
}
@Manual{,
  title = {DT: A Wrapper of the JavaScript Library 'DataTables'},
  author = {Yihui Xie},
  year = {2018},
  note = {R package version 0.4},
  url = {https://CRAN.R-project.org/package=DT},
}
@Manual{,
  title = {plotly for R},
  author = {Carson Sievert},
  year = {2018},
  url = {https://plotly-book.cpsievert.me},
}
@Manual{,
  title = {ssdtools: Species Sensitivity Distributions},
  author = {Joe Thorley and Carl Schwarz},
  year = {2018},
  note = {R package version 0.0.3},
  url = {https://CRAN.R-project.org/package=ssdtools},
}
@Manual{,
  title = {data.table: Extension of `data.frame`},
  author = {Matt Dowle and Arun Srinivasan},
  year = {2019},
  note = {R package version 1.12.0},
  url = {https://CRAN.R-project.org/package=data.table},
}
@Manual{,
  title = {feather: R Bindings to the Feather 'API'},
  author = {Hadley Wickham},
  year = {2016},
  note = {R package version 0.3.1},
  url = {https://CRAN.R-project.org/package=feather},
}
@Manual{,
  title = {shiny: Web Application Framework for R},
  author = {Winston Chang and Joe Cheng and JJ Allaire and Yihui Xie and Jonathan McPherson},
  year = {2018},
  note = {R package version 1.1.0},
  url = {https://CRAN.R-project.org/package=shiny},
}
@Manual{,
  title = {shinyjs: Easily Improve the User Experience of Your Shiny Apps in Seconds},
  author = {Dean Attali},
  year = {2018},
  note = {R package version 1.0},
  url = {https://CRAN.R-project.org/package=shinyjs},
}
@Manual{,
  title = {shinyWidgets: Custom Inputs Widgets for Shiny},
  author = {Victor Perrier and Fanny Meyer and David Granjon},
  year = {2018},
  note = {R package version 0.4.4},
  url = {https://CRAN.R-project.org/package=shinyWidgets},
}
@Manual{,
  title = {shinydashboard: Create Dashboards with 'Shiny'},
  author = {Winston Chang and Barbara {Borges Ribeiro}},
  year = {2018},
  note = {R package version 0.7.1},
  url = {https://CRAN.R-project.org/package=shinydashboard},
}
@Manual{,
  title = {shinydashboardPlus: Add some 'AdminLTE2' Components to 'shinydashboard'},
  author = {David Granjon},
  year = {2018},
  note = {R package version 0.6.0},
  url = {https://CRAN.R-project.org/package=shinydashboardPlus},
}
@Manual{,
  title = {knitr: A General-Purpose Package for Dynamic Report Generation in R},
  author = {Yihui Xie},
  year = {2018},
  note = {R package version 1.20},
  url = {https://yihui.name/knitr/},
}

@Book{,
  title = {Dynamic Documents with {R} and knitr},
  author = {Yihui Xie},
  publisher = {Chapman and Hall/CRC},
  address = {Boca Raton, Florida},
  year = {2015},
  edition = {2nd},
  note = {ISBN 978-1498716963},
  url = {https://yihui.name/knitr/},
}

@InCollection{,
  booktitle = {Implementing Reproducible Computational Research},
  editor = {Victoria Stodden and Friedrich Leisch and Roger D. Peng},
  title = {knitr: A Comprehensive Tool for Reproducible Research in {R}},
  author = {Yihui Xie},
  publisher = {Chapman and Hall/CRC},
  year = {2014},
  note = {ISBN 978-1466561595},
  url = {http://www.crcpress.com/product/isbn/9781466561595},
}
@Manual{,
  title = {DT: A Wrapper of the JavaScript Library 'DataTables'},
  author = {Yihui Xie},
  year = {2018},
  note = {R package version 0.4},
  url = {https://CRAN.R-project.org/package=DT},
}
@Manual{,
  title = {plotly for R},
  author = {Carson Sievert},
  year = {2018},
  url = {https://plotly-book.cpsievert.me},
}
@Manual{,
  title = {ssdtools: Species Sensitivity Distributions},
  author = {Joe Thorley and Carl Schwarz},
  year = {2018},
  note = {R package version 0.0.3},
  url = {https://CRAN.R-project.org/package=ssdtools},
}
@Manual{,
  title = {data.table: Extension of `data.frame`},
  author = {Matt Dowle and Arun Srinivasan},
  year = {2019},
  note = {R package version 1.12.0},
  url = {https://CRAN.R-project.org/package=data.table},
}
@Manual{,
  title = {feather: R Bindings to the Feather 'API'},
  author = {Hadley Wickham},
  year = {2016},
  note = {R package version 0.3.1},
  url = {https://CRAN.R-project.org/package=feather},
}
@Manual{,
  title = {shiny: Web Application Framework for R},
  author = {Winston Chang and Joe Cheng and JJ Allaire and Yihui Xie and Jonathan McPherson},
  year = {2018},
  note = {R package version 1.1.0},
  url = {https://CRAN.R-project.org/package=shiny},
}
@Manual{,
  title = {shinyjs: Easily Improve the User Experience of Your Shiny Apps in Seconds},
  author = {Dean Attali},
  year = {2018},
  note = {R package version 1.0},
  url = {https://CRAN.R-project.org/package=shinyjs},
}
@Manual{,
  title = {shinyWidgets: Custom Inputs Widgets for Shiny},
  author = {Victor Perrier and Fanny Meyer and David Granjon},
  year = {2018},
  note = {R package version 0.4.4},
  url = {https://CRAN.R-project.org/package=shinyWidgets},
}
@Manual{,
  title = {shinydashboard: Create Dashboards with 'Shiny'},
  author = {Winston Chang and Barbara {Borges Ribeiro}},
  year = {2018},
  note = {R package version 0.7.1},
  url = {https://CRAN.R-project.org/package=shinydashboard},
}
@Manual{,
  title = {shinydashboardPlus: Add some 'AdminLTE2' Components to 'shinydashboard'},
  author = {David Granjon},
  year = {2018},
  note = {R package version 0.6.0},
  url = {https://CRAN.R-project.org/package=shinydashboardPlus},
}
@Manual{,
  title = {knitr: A General-Purpose Package for Dynamic Report Generation in R},
  author = {Yihui Xie},
  year = {2018},
  note = {R package version 1.20},
  url = {https://yihui.name/knitr/},
}

@Book{,
  title = {Dynamic Documents with {R} and knitr},
  author = {Yihui Xie},
  publisher = {Chapman and Hall/CRC},
  address = {Boca Raton, Florida},
  year = {2015},
  edition = {2nd},
  note = {ISBN 978-1498716963},
  url = {https://yihui.name/knitr/},
}

@InCollection{,
  booktitle = {Implementing Reproducible Computational Research},
  editor = {Victoria Stodden and Friedrich Leisch and Roger D. Peng},
  title = {knitr: A Comprehensive Tool for Reproducible Research in {R}},
  author = {Yihui Xie},
  publisher = {Chapman and Hall/CRC},
  year = {2014},
  note = {ISBN 978-1466561595},
  url = {http://www.crcpress.com/product/isbn/9781466561595},
}
@Manual{,
  title = {DT: A Wrapper of the JavaScript Library 'DataTables'},
  author = {Yihui Xie},
  year = {2018},
  note = {R package version 0.4},
  url = {https://CRAN.R-project.org/package=DT},
}
@Manual{,
  title = {plotly for R},
  author = {Carson Sievert},
  year = {2018},
  url = {https://plotly-book.cpsievert.me},
}
@Manual{,
  title = {ssdtools: Species Sensitivity Distributions},
  author = {Joe Thorley and Carl Schwarz},
  year = {2018},
  note = {R package version 0.0.3},
  url = {https://CRAN.R-project.org/package=ssdtools},
}
@Manual{,
  title = {data.table: Extension of `data.frame`},
  author = {Matt Dowle and Arun Srinivasan},
  year = {2019},
  note = {R package version 1.12.0},
  url = {https://CRAN.R-project.org/package=data.table},
}
@Manual{,
  title = {feather: R Bindings to the Feather 'API'},
  author = {Hadley Wickham},
  year = {2016},
  note = {R package version 0.3.1},
  url = {https://CRAN.R-project.org/package=feather},
}
@Manual{,
  title = {shiny: Web Application Framework for R},
  author = {Winston Chang and Joe Cheng and JJ Allaire and Yihui Xie and Jonathan McPherson},
  year = {2018},
  note = {R package version 1.1.0},
  url = {https://CRAN.R-project.org/package=shiny},
}
@Manual{,
  title = {shinyjs: Easily Improve the User Experience of Your Shiny Apps in Seconds},
  author = {Dean Attali},
  year = {2018},
  note = {R package version 1.0},
  url = {https://CRAN.R-project.org/package=shinyjs},
}
@Manual{,
  title = {shinyWidgets: Custom Inputs Widgets for Shiny},
  author = {Victor Perrier and Fanny Meyer and David Granjon},
  year = {2018},
  note = {R package version 0.4.4},
  url = {https://CRAN.R-project.org/package=shinyWidgets},
}
@Manual{,
  title = {shinydashboard: Create Dashboards with 'Shiny'},
  author = {Winston Chang and Barbara {Borges Ribeiro}},
  year = {2018},
  note = {R package version 0.7.1},
  url = {https://CRAN.R-project.org/package=shinydashboard},
}
@Manual{,
  title = {shinydashboardPlus: Add some 'AdminLTE2' Components to 'shinydashboard'},
  author = {David Granjon},
  year = {2018},
  note = {R package version 0.6.0},
  url = {https://CRAN.R-project.org/package=shinydashboardPlus},
}
@Manual{,
  title = {knitr: A General-Purpose Package for Dynamic Report Generation in R},
  author = {Yihui Xie},
  year = {2018},
  note = {R package version 1.20},
  url = {https://yihui.name/knitr/},
}

@Book{,
  title = {Dynamic Documents with {R} and knitr},
  author = {Yihui Xie},
  publisher = {Chapman and Hall/CRC},
  address = {Boca Raton, Florida},
  year = {2015},
  edition = {2nd},
  note = {ISBN 978-1498716963},
  url = {https://yihui.name/knitr/},
}

@InCollection{,
  booktitle = {Implementing Reproducible Computational Research},
  editor = {Victoria Stodden and Friedrich Leisch and Roger D. Peng},
  title = {knitr: A Comprehensive Tool for Reproducible Research in {R}},
  author = {Yihui Xie},
  publisher = {Chapman and Hall/CRC},
  year = {2014},
  note = {ISBN 978-1466561595},
  url = {http://www.crcpress.com/product/isbn/9781466561595},
}
@Manual{,
  title = {DT: A Wrapper of the JavaScript Library 'DataTables'},
  author = {Yihui Xie},
  year = {2018},
  note = {R package version 0.4},
  url = {https://CRAN.R-project.org/package=DT},
}
@Manual{,
  title = {plotly for R},
  author = {Carson Sievert},
  year = {2018},
  url = {https://plotly-book.cpsievert.me},
}
@Manual{,
  title = {ssdtools: Species Sensitivity Distributions},
  author = {Joe Thorley and Carl Schwarz},
  year = {2018},
  note = {R package version 0.0.3},
  url = {https://CRAN.R-project.org/package=ssdtools},
}
@Manual{,
  title = {data.table: Extension of `data.frame`},
  author = {Matt Dowle and Arun Srinivasan},
  year = {2019},
  note = {R package version 1.12.0},
  url = {https://CRAN.R-project.org/package=data.table},
}
@Manual{,
  title = {feather: R Bindings to the Feather 'API'},
  author = {Hadley Wickham},
  year = {2016},
  note = {R package version 0.3.1},
  url = {https://CRAN.R-project.org/package=feather},
}
@Manual{,
  title = {shiny: Web Application Framework for R},
  author = {Winston Chang and Joe Cheng and JJ Allaire and Yihui Xie and Jonathan McPherson},
  year = {2018},
  note = {R package version 1.1.0},
  url = {https://CRAN.R-project.org/package=shiny},
}
@Manual{,
  title = {shinyjs: Easily Improve the User Experience of Your Shiny Apps in Seconds},
  author = {Dean Attali},
  year = {2018},
  note = {R package version 1.0},
  url = {https://CRAN.R-project.org/package=shinyjs},
}
@Manual{,
  title = {shinyWidgets: Custom Inputs Widgets for Shiny},
  author = {Victor Perrier and Fanny Meyer and David Granjon},
  year = {2018},
  note = {R package version 0.4.4},
  url = {https://CRAN.R-project.org/package=shinyWidgets},
}
@Manual{,
  title = {shinydashboard: Create Dashboards with 'Shiny'},
  author = {Winston Chang and Barbara {Borges Ribeiro}},
  year = {2018},
  note = {R package version 0.7.1},
  url = {https://CRAN.R-project.org/package=shinydashboard},
}
@Manual{,
  title = {shinydashboardPlus: Add some 'AdminLTE2' Components to 'shinydashboard'},
  author = {David Granjon},
  year = {2018},
  note = {R package version 0.6.0},
  url = {https://CRAN.R-project.org/package=shinydashboardPlus},
}
@Manual{,
  title = {knitr: A General-Purpose Package for Dynamic Report Generation in R},
  author = {Yihui Xie},
  year = {2018},
  note = {R package version 1.20},
  url = {https://yihui.name/knitr/},
}

@Book{,
  title = {Dynamic Documents with {R} and knitr},
  author = {Yihui Xie},
  publisher = {Chapman and Hall/CRC},
  address = {Boca Raton, Florida},
  year = {2015},
  edition = {2nd},
  note = {ISBN 978-1498716963},
  url = {https://yihui.name/knitr/},
}

@InCollection{,
  booktitle = {Implementing Reproducible Computational Research},
  editor = {Victoria Stodden and Friedrich Leisch and Roger D. Peng},
  title = {knitr: A Comprehensive Tool for Reproducible Research in {R}},
  author = {Yihui Xie},
  publisher = {Chapman and Hall/CRC},
  year = {2014},
  note = {ISBN 978-1466561595},
  url = {http://www.crcpress.com/product/isbn/9781466561595},
}
@Manual{,
  title = {DT: A Wrapper of the JavaScript Library 'DataTables'},
  author = {Yihui Xie},
  year = {2018},
  note = {R package version 0.4},
  url = {https://CRAN.R-project.org/package=DT},
}
@Manual{,
  title = {plotly for R},
  author = {Carson Sievert},
  year = {2018},
  url = {https://plotly-book.cpsievert.me},
}
@Manual{,
  title = {ssdtools: Species Sensitivity Distributions},
  author = {Joe Thorley and Carl Schwarz},
  year = {2018},
  note = {R package version 0.0.3},
  url = {https://CRAN.R-project.org/package=ssdtools},
}
@Manual{,
  title = {data.table: Extension of `data.frame`},
  author = {Matt Dowle and Arun Srinivasan},
  year = {2019},
  note = {R package version 1.12.0},
  url = {https://CRAN.R-project.org/package=data.table},
}
@Manual{,
  title = {feather: R Bindings to the Feather 'API'},
  author = {Hadley Wickham},
  year = {2016},
  note = {R package version 0.3.1},
  url = {https://CRAN.R-project.org/package=feather},
}
@Manual{,
  title = {shiny: Web Application Framework for R},
  author = {Winston Chang and Joe Cheng and JJ Allaire and Yihui Xie and Jonathan McPherson},
  year = {2018},
  note = {R package version 1.1.0},
  url = {https://CRAN.R-project.org/package=shiny},
}
@Manual{,
  title = {shinyjs: Easily Improve the User Experience of Your Shiny Apps in Seconds},
  author = {Dean Attali},
  year = {2018},
  note = {R package version 1.0},
  url = {https://CRAN.R-project.org/package=shinyjs},
}
@Manual{,
  title = {shinyWidgets: Custom Inputs Widgets for Shiny},
  author = {Victor Perrier and Fanny Meyer and David Granjon},
  year = {2018},
  note = {R package version 0.4.4},
  url = {https://CRAN.R-project.org/package=shinyWidgets},
}
@Manual{,
  title = {shinydashboard: Create Dashboards with 'Shiny'},
  author = {Winston Chang and Barbara {Borges Ribeiro}},
  year = {2018},
  note = {R package version 0.7.1},
  url = {https://CRAN.R-project.org/package=shinydashboard},
}
@Manual{,
  title = {shinydashboardPlus: Add some 'AdminLTE2' Components to 'shinydashboard'},
  author = {David Granjon},
  year = {2018},
  note = {R package version 0.6.0},
  url = {https://CRAN.R-project.org/package=shinydashboardPlus},
}
@Manual{,
  title = {knitr: A General-Purpose Package for Dynamic Report Generation in R},
  author = {Yihui Xie},
  year = {2018},
  note = {R package version 1.20},
  url = {https://yihui.name/knitr/},
}

@Book{,
  title = {Dynamic Documents with {R} and knitr},
  author = {Yihui Xie},
  publisher = {Chapman and Hall/CRC},
  address = {Boca Raton, Florida},
  year = {2015},
  edition = {2nd},
  note = {ISBN 978-1498716963},
  url = {https://yihui.name/knitr/},
}

@InCollection{,
  booktitle = {Implementing Reproducible Computational Research},
  editor = {Victoria Stodden and Friedrich Leisch and Roger D. Peng},
  title = {knitr: A Comprehensive Tool for Reproducible Research in {R}},
  author = {Yihui Xie},
  publisher = {Chapman and Hall/CRC},
  year = {2014},
  note = {ISBN 978-1466561595},
  url = {http://www.crcpress.com/product/isbn/9781466561595},
}
@Manual{,
  title = {DT: A Wrapper of the JavaScript Library 'DataTables'},
  author = {Yihui Xie},
  year = {2018},
  note = {R package version 0.4},
  url = {https://CRAN.R-project.org/package=DT},
}
@Manual{,
  title = {plotly for R},
  author = {Carson Sievert},
  year = {2018},
  url = {https://plotly-book.cpsievert.me},
}
@Manual{,
  title = {ssdtools: Species Sensitivity Distributions},
  author = {Joe Thorley and Carl Schwarz},
  year = {2018},
  note = {R package version 0.0.3},
  url = {https://CRAN.R-project.org/package=ssdtools},
}
@Manual{,
  title = {data.table: Extension of `data.frame`},
  author = {Matt Dowle and Arun Srinivasan},
  year = {2019},
  note = {R package version 1.12.0},
  url = {https://CRAN.R-project.org/package=data.table},
}
@Manual{,
  title = {feather: R Bindings to the Feather 'API'},
  author = {Hadley Wickham},
  year = {2016},
  note = {R package version 0.3.1},
  url = {https://CRAN.R-project.org/package=feather},
}
@Manual{,
  title = {shiny: Web Application Framework for R},
  author = {Winston Chang and Joe Cheng and JJ Allaire and Yihui Xie and Jonathan McPherson},
  year = {2018},
  note = {R package version 1.1.0},
  url = {https://CRAN.R-project.org/package=shiny},
}
@Manual{,
  title = {shinyjs: Easily Improve the User Experience of Your Shiny Apps in Seconds},
  author = {Dean Attali},
  year = {2018},
  note = {R package version 1.0},
  url = {https://CRAN.R-project.org/package=shinyjs},
}
@Manual{,
  title = {shinyWidgets: Custom Inputs Widgets for Shiny},
  author = {Victor Perrier and Fanny Meyer and David Granjon},
  year = {2018},
  note = {R package version 0.4.4},
  url = {https://CRAN.R-project.org/package=shinyWidgets},
}
@Manual{,
  title = {shinydashboard: Create Dashboards with 'Shiny'},
  author = {Winston Chang and Barbara {Borges Ribeiro}},
  year = {2018},
  note = {R package version 0.7.1},
  url = {https://CRAN.R-project.org/package=shinydashboard},
}
@Manual{,
  title = {shinydashboardPlus: Add some 'AdminLTE2' Components to 'shinydashboard'},
  author = {David Granjon},
  year = {2018},
  note = {R package version 0.6.0},
  url = {https://CRAN.R-project.org/package=shinydashboardPlus},
}
@Manual{,
  title = {knitr: A General-Purpose Package for Dynamic Report Generation in R},
  author = {Yihui Xie},
  year = {2018},
  note = {R package version 1.20},
  url = {https://yihui.name/knitr/},
}

@Book{,
  title = {Dynamic Documents with {R} and knitr},
  author = {Yihui Xie},
  publisher = {Chapman and Hall/CRC},
  address = {Boca Raton, Florida},
  year = {2015},
  edition = {2nd},
  note = {ISBN 978-1498716963},
  url = {https://yihui.name/knitr/},
}

@InCollection{,
  booktitle = {Implementing Reproducible Computational Research},
  editor = {Victoria Stodden and Friedrich Leisch and Roger D. Peng},
  title = {knitr: A Comprehensive Tool for Reproducible Research in {R}},
  author = {Yihui Xie},
  publisher = {Chapman and Hall/CRC},
  year = {2014},
  note = {ISBN 978-1466561595},
  url = {http://www.crcpress.com/product/isbn/9781466561595},
}
@Manual{,
  title = {DT: A Wrapper of the JavaScript Library 'DataTables'},
  author = {Yihui Xie},
  year = {2018},
  note = {R package version 0.4},
  url = {https://CRAN.R-project.org/package=DT},
}
@Manual{,
  title = {plotly for R},
  author = {Carson Sievert},
  year = {2018},
  url = {https://plotly-book.cpsievert.me},
}
@Manual{,
  title = {ssdtools: Species Sensitivity Distributions},
  author = {Joe Thorley and Carl Schwarz},
  year = {2018},
  note = {R package version 0.0.3},
  url = {https://CRAN.R-project.org/package=ssdtools},
}
@Manual{,
  title = {data.table: Extension of `data.frame`},
  author = {Matt Dowle and Arun Srinivasan},
  year = {2019},
  note = {R package version 1.12.0},
  url = {https://CRAN.R-project.org/package=data.table},
}
@Manual{,
  title = {feather: R Bindings to the Feather 'API'},
  author = {Hadley Wickham},
  year = {2016},
  note = {R package version 0.3.1},
  url = {https://CRAN.R-project.org/package=feather},
}
@Manual{,
  title = {shiny: Web Application Framework for R},
  author = {Winston Chang and Joe Cheng and JJ Allaire and Yihui Xie and Jonathan McPherson},
  year = {2018},
  note = {R package version 1.1.0},
  url = {https://CRAN.R-project.org/package=shiny},
}
@Manual{,
  title = {shinyjs: Easily Improve the User Experience of Your Shiny Apps in Seconds},
  author = {Dean Attali},
  year = {2018},
  note = {R package version 1.0},
  url = {https://CRAN.R-project.org/package=shinyjs},
}
@Manual{,
  title = {shinyWidgets: Custom Inputs Widgets for Shiny},
  author = {Victor Perrier and Fanny Meyer and David Granjon},
  year = {2018},
  note = {R package version 0.4.4},
  url = {https://CRAN.R-project.org/package=shinyWidgets},
}
@Manual{,
  title = {shinydashboard: Create Dashboards with 'Shiny'},
  author = {Winston Chang and Barbara {Borges Ribeiro}},
  year = {2018},
  note = {R package version 0.7.1},
  url = {https://CRAN.R-project.org/package=shinydashboard},
}
@Manual{,
  title = {shinydashboardPlus: Add some 'AdminLTE2' Components to 'shinydashboard'},
  author = {David Granjon},
  year = {2018},
  note = {R package version 0.6.0},
  url = {https://CRAN.R-project.org/package=shinydashboardPlus},
}
@Manual{,
  title = {knitr: A General-Purpose Package for Dynamic Report Generation in R},
  author = {Yihui Xie},
  year = {2018},
  note = {R package version 1.20},
  url = {https://yihui.name/knitr/},
}

@Book{,
  title = {Dynamic Documents with {R} and knitr},
  author = {Yihui Xie},
  publisher = {Chapman and Hall/CRC},
  address = {Boca Raton, Florida},
  year = {2015},
  edition = {2nd},
  note = {ISBN 978-1498716963},
  url = {https://yihui.name/knitr/},
}

@InCollection{,
  booktitle = {Implementing Reproducible Computational Research},
  editor = {Victoria Stodden and Friedrich Leisch and Roger D. Peng},
  title = {knitr: A Comprehensive Tool for Reproducible Research in {R}},
  author = {Yihui Xie},
  publisher = {Chapman and Hall/CRC},
  year = {2014},
  note = {ISBN 978-1466561595},
  url = {http://www.crcpress.com/product/isbn/9781466561595},
}
@Manual{,
  title = {DT: A Wrapper of the JavaScript Library 'DataTables'},
  author = {Yihui Xie},
  year = {2018},
  note = {R package version 0.4},
  url = {https://CRAN.R-project.org/package=DT},
}
@Manual{,
  title = {plotly for R},
  author = {Carson Sievert},
  year = {2018},
  url = {https://plotly-book.cpsievert.me},
}
@Manual{,
  title = {ssdtools: Species Sensitivity Distributions},
  author = {Joe Thorley and Carl Schwarz},
  year = {2018},
  note = {R package version 0.0.3},
  url = {https://CRAN.R-project.org/package=ssdtools},
}
