@Manual{R-countrycode,
  title = {countrycode: Convert Country Names and Country Codes},
  author = {Vincent Arel-Bundock},
  year = {2020},
  note = {R package version 1.1.1},
  url = {https://CRAN.R-project.org/package=countrycode},
}
@Manual{R-cowplot,
  title = {cowplot: Streamlined Plot Theme and Plot Annotations for 'ggplot2'},
  author = {Claus O. Wilke},
  year = {2019},
  note = {R package version 0.9.4},
  url = {https://CRAN.R-project.org/package=cowplot},
}
@Manual{R-data.table,
  title = {data.table: Extension of `data.frame`},
  author = {Matt Dowle and Arun Srinivasan},
  year = {2019},
  note = {R package version 1.12.8},
  url = {https://CRAN.R-project.org/package=data.table},
}
@Manual{R-DBI,
  title = {DBI: R Database Interface},
  author = {{R Special Interest Group on Databases (R-SIG-DB)} and Hadley Wickham and Kirill MÃ¼ller},
  year = {2019},
  note = {R package version 1.1.0},
  url = {https://CRAN.R-project.org/package=DBI},
}
@Manual{R-devtools,
  title = {devtools: Tools to Make Developing R Packages Easier},
  author = {Hadley Wickham and Jim Hester and Winston Chang},
  year = {2019},
  note = {R package version 2.2.1},
  url = {https://CRAN.R-project.org/package=devtools},
}
@Manual{R-doParallel,
  title = {doParallel: Foreach Parallel Adaptor for the 'parallel' Package},
  author = {Microsoft Corporation and Steve Weston},
  year = {2018},
  note = {R package version 1.0.14},
  url = {https://CRAN.R-project.org/package=doParallel},
}
@Manual{R-DT,
  title = {DT: A Wrapper of the JavaScript Library 'DataTables'},
  author = {Yihui Xie and Joe Cheng and Xianying Tan},
  year = {2019},
  note = {R package version 0.7},
  url = {https://CRAN.R-project.org/package=DT},
}
@Manual{R-feather,
  title = {feather: R Bindings to the Feather 'API'},
  author = {Hadley Wickham},
  year = {2019},
  note = {R package version 0.3.3},
  url = {https://CRAN.R-project.org/package=feather},
}
@Manual{R-foreach,
  title = {foreach: Provides Foreach Looping Construct for R},
  author = {{Microsoft} and Steve Weston},
  year = {2017},
  note = {R package version 1.4.4},
  url = {https://CRAN.R-project.org/package=foreach},
}
@Manual{R-fst,
  title = {fst: Lightning Fast Serialization of Data Frames for R},
  author = {Mark Klik},
  year = {2020},
  note = {R package version 0.9.2},
  url = {https://fstpackage.github.io},
}
@Manual{R-ggplot2,
  title = {ggplot2: Create Elegant Data Visualisations Using the Grammar of Graphics},
  author = {Hadley Wickham and Winston Chang and Lionel Henry and Thomas Lin Pedersen and Kohske Takahashi and Claus Wilke and Kara Woo and Hiroaki Yutani and Dewey Dunnington},
  year = {2020},
  note = {R package version 3.3.0},
  url = {https://CRAN.R-project.org/package=ggplot2},
}
@Manual{R-ggrepel,
  title = {ggrepel: Automatically Position Non-Overlapping Text Labels with
'ggplot2'},
  author = {Kamil Slowikowski},
  year = {2019},
  note = {R package version 0.8.1},
  url = {https://CRAN.R-project.org/package=ggrepel},
}
@Manual{R-ggridges,
  title = {ggridges: Ridgeline Plots in 'ggplot2'},
  author = {Claus O. Wilke},
  year = {2018},
  note = {R package version 0.5.1},
  url = {https://CRAN.R-project.org/package=ggridges},
}
@Manual{R-httr,
  title = {httr: Tools for Working with URLs and HTTP},
  author = {Hadley Wickham},
  year = {2019},
  note = {R package version 1.4.1},
  url = {https://CRAN.R-project.org/package=httr},
}
@Manual{R-jsonlite,
  title = {jsonlite: A Robust, High Performance JSON Parser and Generator for R},
  author = {Jeroen Ooms},
  year = {2020},
  note = {R package version 1.6.1},
  url = {https://CRAN.R-project.org/package=jsonlite},
}
@Manual{R-knitr,
  title = {knitr: A General-Purpose Package for Dynamic Report Generation in R},
  author = {Yihui Xie},
  year = {2020},
  note = {R package version 1.28},
  url = {https://CRAN.R-project.org/package=knitr},
}
@Manual{R-openxlsx,
  title = {openxlsx: Read, Write and Edit xlsx Files},
  author = {Philipp Schauberger and Alexander Walker},
  year = {2019},
  note = {R package version 4.1.4},
  url = {https://CRAN.R-project.org/package=openxlsx},
}
@Manual{R-outliers,
  title = {outliers: Tests for outliers},
  author = {Lukasz Komsta},
  year = {2011},
  note = {R package version 0.14},
  url = {https://CRAN.R-project.org/package=outliers},
}
@Manual{R-plotly,
  title = {plotly: Create Interactive Web Graphics via 'plotly.js'},
  author = {Carson Sievert and Chris Parmer and Toby Hocking and Scott Chamberlain and Karthik Ram and Marianne Corvellec and Pedro Despouy},
  year = {2019},
  note = {R package version 4.9.0},
  url = {https://CRAN.R-project.org/package=plotly},
}
@Manual{R-plumber,
  title = {plumber: An API Generator for R},
  author = {{Trestle Technology, LLC}},
  year = {2018},
  note = {R package version 0.4.6},
  url = {https://CRAN.R-project.org/package=plumber},
}
@Manual{R-plyr,
  title = {plyr: Tools for Splitting, Applying and Combining Data},
  author = {Hadley Wickham},
  year = {2019},
  note = {R package version 1.8.5},
  url = {https://CRAN.R-project.org/package=plyr},
}
@Manual{R-purrr,
  title = {purrr: Functional Programming Tools},
  author = {Lionel Henry and Hadley Wickham},
  year = {2019},
  note = {R package version 0.3.3},
  url = {https://CRAN.R-project.org/package=purrr},
}
@Manual{R-R.utils,
  title = {R.utils: Various Programming Utilities},
  author = {Henrik Bengtsson},
  year = {2019},
  note = {R package version 2.9.0},
  url = {https://CRAN.R-project.org/package=R.utils},
}
@Manual{R-RColorBrewer,
  title = {RColorBrewer: ColorBrewer Palettes},
  author = {Erich Neuwirth},
  year = {2014},
  note = {R package version 1.1-2},
  url = {https://CRAN.R-project.org/package=RColorBrewer},
}
@Manual{R-RCurl,
  title = {RCurl: General Network (HTTP/FTP/...) Client Interface for R},
  author = {Duncan {Temple Lang}},
  year = {2020},
  note = {R package version 1.98-1.1},
  url = {https://CRAN.R-project.org/package=RCurl},
}
@Manual{R-reactlog,
  title = {reactlog: Reactivity Visualizer for 'shiny'},
  author = {Barret Schloerke},
  year = {2019},
  note = {R package version 1.0.0},
  url = {https://CRAN.R-project.org/package=reactlog},
}
@Manual{R-readxl,
  title = {readxl: Read Excel Files},
  author = {Hadley Wickham and Jennifer Bryan},
  year = {2019},
  note = {R package version 1.3.1},
  url = {https://CRAN.R-project.org/package=readxl},
}
@Manual{R-rgbif,
  title = {rgbif: Interface to the Global 'Biodiversity' Information Facility API},
  author = {Scott Chamberlain},
  year = {2019},
  note = {R package version 1.3.0},
  url = {https://CRAN.R-project.org/package=rgbif},
}
@Manual{R-RPostgreSQL,
  title = {RPostgreSQL: R Interface to the 'PostgreSQL' Database System},
  author = {Joe Conway and Dirk Eddelbuettel and Tomoaki Nishiyama and Sameer Kumar Prayaga and Neil Tiffin},
  year = {2017},
  note = {R package version 0.6-2},
  url = {https://CRAN.R-project.org/package=RPostgreSQL},
}
@Manual{R-rvest,
  title = {rvest: Easily Harvest (Scrape) Web Pages},
  author = {Hadley Wickham},
  year = {2019},
  note = {R package version 0.3.5},
  url = {https://CRAN.R-project.org/package=rvest},
}
@Manual{R-scales,
  title = {scales: Scale Functions for Visualization},
  author = {Hadley Wickham and Dana Seidel},
  year = {2019},
  note = {R package version 1.1.0},
  url = {https://CRAN.R-project.org/package=scales},
}
@Manual{R-shiny,
  title = {shiny: Web Application Framework for R},
  author = {Winston Chang and Joe Cheng and JJ Allaire and Yihui Xie and Jonathan McPherson},
  year = {2020},
  note = {R package version 1.4.0.2},
  url = {https://CRAN.R-project.org/package=shiny},
}
@Manual{R-shinydashboard,
  title = {shinydashboard: Create Dashboards with 'Shiny'},
  author = {Winston Chang and Barbara {Borges Ribeiro}},
  year = {2018},
  note = {R package version 0.7.1},
  url = {https://CRAN.R-project.org/package=shinydashboard},
}
@Manual{R-shinydashboardPlus,
  title = {shinydashboardPlus: Add More 'AdminLTE2' Components to 'shinydashboard'},
  author = {David Granjon},
  year = {2019},
  note = {R package version 0.7.0},
  url = {https://CRAN.R-project.org/package=shinydashboardPlus},
}
@Manual{R-shinyjs,
  title = {shinyjs: Easily Improve the User Experience of Your Shiny Apps in Seconds},
  author = {Dean Attali},
  year = {2018},
  note = {R package version 1.0},
  url = {https://CRAN.R-project.org/package=shinyjs},
}
@Manual{R-shinyWidgets,
  title = {shinyWidgets: Custom Inputs Widgets for Shiny},
  author = {Victor Perrier and Fanny Meyer and David Granjon},
  year = {2019},
  note = {R package version 0.4.8},
  url = {https://CRAN.R-project.org/package=shinyWidgets},
}
@Manual{R-ssdtools,
  title = {ssdtools: Species Sensitivity Distributions},
  author = {Joe Thorley and Carl Schwarz},
  year = {2018},
  note = {R package version 0.0.3},
  url = {https://CRAN.R-project.org/package=ssdtools},
}
@Manual{R-stringi,
  title = {stringi: Character String Processing Facilities},
  author = {Marek Gagolewski and Bartek Tartanus and other contributors; IBM and {Unicode} and {Inc.} and other contributors; Unicode and {Inc.}},
  year = {2020},
  note = {R package version 1.4.6},
  url = {https://CRAN.R-project.org/package=stringi},
}
@Manual{R-stringr,
  title = {stringr: Simple, Consistent Wrappers for Common String Operations},
  author = {Hadley Wickham},
  year = {2019},
  note = {R package version 1.4.0},
  url = {https://CRAN.R-project.org/package=stringr},
}
@Manual{R-taxize,
  title = {taxize: Taxonomic Information from Around the Web},
  author = {Scott Chamberlain and Eduard Szoecs and Zachary Foster and Zebulun Arendsee},
  year = {2019},
  note = {R package version 0.9.7},
  url = {https://CRAN.R-project.org/package=taxize},
}
@Manual{R-treemap,
  title = {treemap: Treemap Visualization},
  author = {Martijn Tennekes},
  year = {2017},
  note = {R package version 2.4-2},
  url = {https://CRAN.R-project.org/package=treemap},
}
@Manual{R-treemapify,
  title = {treemapify: Draw Treemaps in 'ggplot2'},
  author = {David Wilkins},
  year = {2019},
  note = {R package version 2.5.3},
  url = {https://CRAN.R-project.org/package=treemapify},
}
@Manual{R-udunits2,
  title = {udunits2: Udunits-2 Bindings for R},
  author = {James Hiebert},
  year = {2016},
  note = {R package version 0.13},
  url = {https://CRAN.R-project.org/package=udunits2},
}
@Manual{R-vegan,
  title = {vegan: Community Ecology Package},
  author = {Jari Oksanen and F. Guillaume Blanchet and Michael Friendly and Roeland Kindt and Pierre Legendre and Dan McGlinn and Peter R. Minchin and R. B. O'Hara and Gavin L. Simpson and Peter Solymos and M. Henry H. Stevens and Eduard Szoecs and Helene Wagner},
  year = {2019},
  note = {R package version 2.5-5},
  url = {https://CRAN.R-project.org/package=vegan},
}
@Article{countrycode2018,
  title = {countrycode: An R package to convert country names and country codes},
  author = {Vincent Arel-Bundock and Nils Enevoldsen and CJ Yetman},
  journal = {Journal of Open Source Software},
  year = {2018},
  volume = {3},
  number = {28},
  pages = {848},
  url = {https://doi.org/10.21105/joss.00848},
}
@Book{ggplot22016,
  author = {Hadley Wickham},
  title = {ggplot2: Elegant Graphics for Data Analysis},
  publisher = {Springer-Verlag New York},
  year = {2016},
  isbn = {978-3-319-24277-4},
  url = {https://ggplot2.tidyverse.org},
}
@Article{jsonlite2014,
  title = {The jsonlite Package: A Practical and Consistent Mapping Between JSON Data and R Objects},
  author = {Jeroen Ooms},
  journal = {arXiv:1403.2805 [stat.CO]},
  year = {2014},
  url = {https://arxiv.org/abs/1403.2805},
}
@Book{knitr2015,
  title = {Dynamic Documents with {R} and knitr},
  author = {Yihui Xie},
  publisher = {Chapman and Hall/CRC},
  address = {Boca Raton, Florida},
  year = {2015},
  edition = {2nd},
  note = {ISBN 978-1498716963},
  url = {https://yihui.org/knitr/},
}
@InCollection{knitr2014,
  booktitle = {Implementing Reproducible Computational Research},
  editor = {Victoria Stodden and Friedrich Leisch and Roger D. Peng},
  title = {knitr: A Comprehensive Tool for Reproducible Research in {R}},
  author = {Yihui Xie},
  publisher = {Chapman and Hall/CRC},
  year = {2014},
  note = {ISBN 978-1466561595},
  url = {http://www.crcpress.com/product/isbn/9781466561595},
}
@Manual{plotly2018,
  title = {plotly for R},
  author = {Carson Sievert},
  year = {2018},
  url = {https://plotly-r.com},
}
@Article{plyr2011,
  title = {The Split-Apply-Combine Strategy for Data Analysis},
  author = {Hadley Wickham},
  journal = {Journal of Statistical Software},
  year = {2011},
  volume = {40},
  number = {1},
  pages = {1--29},
  url = {http://www.jstatsoft.org/v40/i01/},
}
@Article{rgbif2017,
  title = {R Python, and Ruby clients for GBIF species occurrence data},
  author = {Scott Chamberlain and Carl Boettiger},
  journal = {PeerJ PrePrints},
  year = {2017},
  publisher = {PeerJ, Inc.},
  url = {https://doi.org/10.7287/peerj.preprints.3304v1},
}
@Manual{stringi2020,
  title = {R package stringi: Character string processing facilities},
  author = {Marek Gagolewski},
  year = {2020},
  url = {http://www.gagolewski.com/software/stringi/},
}
@Article{taxize2013,
  title = {taxize - taxonomic search and retrieval in R},
  journal = {F1000Research},
  author = {{Scott Chamberlain} and {Eduard Szocs}},
  year = {2013},
  url = {http://f1000research.com/articles/2-191/v2},
}
