@Manual{,
  title = {data.table: Extension of `data.frame`},
  author = {Matt Dowle and Arun Srinivasan},
  year = {2019},
  note = {R package version 1.12.8},
  url = {https://CRAN.R-project.org/package=data.table},
}
@Manual{,
  title = {feather: R Bindings to the Feather 'API'},
  author = {Hadley Wickham},
  year = {2019},
  note = {R package version 0.3.3},
  url = {https://CRAN.R-project.org/package=feather},
}
@Manual{,
  title = {fst: Lightning Fast Serialization of Data Frames for R},
  author = {Mark Klik},
  year = {2019},
  note = {R package version 0.9.0},
  url = {https://CRAN.R-project.org/package=fst},
}
@Manual{,
  title = {shiny: Web Application Framework for R},
  author = {Winston Chang and Joe Cheng and JJ Allaire and Yihui Xie and Jonathan McPherson},
  year = {2019},
  note = {R package version 1.4.0},
  url = {https://CRAN.R-project.org/package=shiny},
}
@Manual{,
  title = {shinyjs: Easily Improve the User Experience of Your Shiny Apps in Seconds},
  author = {Dean Attali},
  year = {2018},
  note = {R package version 1.0},
  url = {https://CRAN.R-project.org/package=shinyjs},
}
@Manual{,
  title = {shinyWidgets: Custom Inputs Widgets for Shiny},
  author = {Victor Perrier and Fanny Meyer and David Granjon},
  year = {2019},
  note = {R package version 0.4.8},
  url = {https://CRAN.R-project.org/package=shinyWidgets},
}
@Manual{,
  title = {shinydashboard: Create Dashboards with 'Shiny'},
  author = {Winston Chang and Barbara {Borges Ribeiro}},
  year = {2018},
  note = {R package version 0.7.1},
  url = {https://CRAN.R-project.org/package=shinydashboard},
}
@Manual{,
  title = {shinydashboardPlus: Add More 'AdminLTE2' Components to 'shinydashboard'},
  author = {David Granjon},
  year = {2019},
  note = {R package version 0.7.0},
  url = {https://CRAN.R-project.org/package=shinydashboardPlus},
}
@Manual{,
  title = {knitr: A General-Purpose Package for Dynamic Report Generation in R},
  author = {Yihui Xie},
  year = {2020},
  note = {R package version 1.28},
  url = {https://yihui.org/knitr/},
}

@Book{,
  title = {Dynamic Documents with {R} and knitr},
  author = {Yihui Xie},
  publisher = {Chapman and Hall/CRC},
  address = {Boca Raton, Florida},
  year = {2015},
  edition = {2nd},
  note = {ISBN 978-1498716963},
  url = {https://yihui.org/knitr/},
}

@InCollection{,
  booktitle = {Implementing Reproducible Computational Research},
  editor = {Victoria Stodden and Friedrich Leisch and Roger D. Peng},
  title = {knitr: A Comprehensive Tool for Reproducible Research in {R}},
  author = {Yihui Xie},
  publisher = {Chapman and Hall/CRC},
  year = {2014},
  note = {ISBN 978-1466561595},
  url = {http://www.crcpress.com/product/isbn/9781466561595},
}
@Manual{,
  title = {DT: A Wrapper of the JavaScript Library 'DataTables'},
  author = {Yihui Xie and Joe Cheng and Xianying Tan},
  year = {2019},
  note = {R package version 0.7},
  url = {https://CRAN.R-project.org/package=DT},
}
@Manual{,
  title = {plotly for R},
  author = {Carson Sievert},
  year = {2018},
  url = {https://plotly-r.com},
}
@Manual{,
  title = {ssdtools: Species Sensitivity Distributions},
  author = {Joe Thorley and Carl Schwarz},
  year = {2018},
  note = {R package version 0.0.3},
  url = {https://CRAN.R-project.org/package=ssdtools},
}
@Manual{,
  title = {reactlog: Reactivity Visualizer for 'shiny'},
  author = {Barret Schloerke},
  year = {2019},
  note = {R package version 1.0.0},
  url = {https://CRAN.R-project.org/package=reactlog},
}
@Manual{,
  title = {R package stringi: Character string processing facilities},
  author = {Marek Gagolewski},
  year = {2020},
  url = {http://www.gagolewski.com/software/stringi/},
}
@Article{,
  title = {The jsonlite Package: A Practical and Consistent Mapping Between JSON Data and R Objects},
  author = {Jeroen Ooms},
  journal = {arXiv:1403.2805 [stat.CO]},
  year = {2014},
  url = {https://arxiv.org/abs/1403.2805},
}
@Manual{,
  title = {plumber: An API Generator for R},
  author = {{Trestle Technology, LLC}},
  year = {2018},
  note = {R package version 0.4.6},
  url = {https://CRAN.R-project.org/package=plumber},
}
